@String{rmf = "Revista Mexicana de F\'{\i}sica"}
@String{nm = "Nature Materials"}
@String{josaa = "J. Opt. Soc. Am. A"}
@String{josab = "J. Opt. Soc. Am. B"}
@String{josa = "J. Opt. Soc. Am."}
@String{prb = "Phys. Rev. B"}
@String{pra = "Phys. Rev. A"}
@String{prl = "Phys. Rev. Lett."}
@String{pre = "Phys. Rev. E"}
@String{ao = "Appl. Opt."}
@String{ol = "Opt. Lett."}
@String{jcp = "J. Chem. Phys."}
@String{jpc = "J. Phys. Chem."}
@String{jpcb = "J. Phys. Chem. B."}
@String{jap = "J. Appl. Phys."}
@String{ap = "Appl. Phys."}
@String{ieeet = "IEEE. Trans. Microw. Theory Tech."}

@article{adamsJCP53,
    title = {The Crystal Momentum as a Quantum Mechanical Operator},
    volume = {21},
    doi = {10.1063/1.1698734},
    number = {11},
    urldate = {2014-05-16},
    journal = jcp,
    author = {Adams, E. N.},
    month = nov,
    year = {1953},
    pages = {2013-2017}
}

@article{adolphPRB96,
    title = {Nonlocality and many-body effects in the optical properties of semiconductors},
    volume = {53},
    doi = {10.1103/PhysRevB.53.9797},
    pages = {9797-9808},
    number = {15},
    journal = prb,
    author = {Adolph, B. and Gavrilenko, V. I. and Tenelsen, K. and Bechstedt, F. and Del Sole, R.},
    year = {1996}
}

@article{adolphPRB98,
    title = {Ab initio second-harmonic susceptibilities of semiconductors: Generalized tetrahedron method and quasiparticle effects},
    volume = {57},
    shorttitle = {Ab initio second-harmonic susceptibilities of semiconductors},
    doi = {10.1103/PhysRevB.57.6519},
    number = {11},
    urldate = {2014-04-30},
    journal = prb,
    author = {Adolph, B. and Bechstedt, F.},
    month = mar,
    year = {1998},
    pages = {6519-6526}
}

@article{adolphPRB00,
    title = {Influence of crystal structure and quasiparticle effects on second-harmonic generation: Silicon carbide polytypes},
    volume = {62},
    journal = prb,
    author = {Adolph, B. and Bechstedt, F.},
    year = {2000},
    pages = {1706}
}

@article{arzatePRB01,
    title = {Microscopic study of surface second-harmonic generation from a clean Si(100) c(4×2) surface},
    volume = {63},
    doi = {10.1103/PhysRevB.63.125303},
    pages = {125303},
    number = {12},
    journal = prb,
    author = {Arzate, N. and Mendoza, B. S.},
    year = {2001}
}

@article{asahiPRB00,
    author = {Asahi, R. and Mannstadt, W. and Freeman, A. J.},
    title = {Screened-exchange LDA methods for films and superlattices with applications to the Si(100)2x1 surface and InAsÕInSb superlattices},
    journal = prb,
    year = {2000},
    OPTkey = {},
    volume = {62},
    OPTnumber = {},
    pages = {2552}
}

@article{aspnesPRB72,
    title = {Energy-Band Theory of the Second-Order Nonlinear Optical Susceptibility of Crystals of Zinc-Blende Symmetry},
    volume = {6},
    doi = {10.1103/PhysRevB.6.4648},
    number = {12},
    urldate = {2014-11-15},
    journal = prb,
    author = {Aspnes, D. E.},
    month = dec,
    year = {1972},
    pages = {4648-4659}
}

@article{aversaPRB95,
    title = {Nonlinear optical susceptibilities of semiconductors: Results with a length-gauge analysis},
    volume = {52},
    doi = {10.1103/PhysRevB.52.14636},
    shorttitle = {Nonlinear optical susceptibilities of semiconductors},
    pages = {14636-14645},
    number = {20},
    journal = prb,
    author = {Aversa, C. and Sipe, J. E.},
    year = {1995}
}

@article{bloembergenAPB99,
    title = {Surface nonlinear optics: a historical overview},
    volume = {68},
    shorttitle = {Surface nonlinear optics},
    number = {3},
    urldate = {2013-01-07},
    journal = {Appl. Phys. B-Lasers O.},
    author = {Bloembergen, N.},
    year = {1999},
    pages = {289-293}
}

@article{blountSSP62,
    title = {Formalisms of Band Theory},
    volume = {13},
    pages = {305},
    journal = {Solid State Phys.},
    author = {Blount, E. I. and Seitz, F. and Turnbull, D.},
    year = {1962}
}

@article{butcherPOPS63,
    title = {The non-linear constitutive relation in solids at optical frequencies},
    volume = {81},
    number = {2},
    urldate = {2014-11-15},
    journal = {Proc. Phys. Soc.},
    author = {Butcher, P. N. and McLean, T. P.},
    year = {1963},
    pages = {219}
}

@article{cabellosPRB09,
    title = {Effects of nonlocality on second-harmonic generation in bulk semiconductors},
    volume = {80},
    doi = {10.1103/PhysRevB.80.155205},
    pages = {155205},
    number = {15},
    journal = prb,
    author = {Cabellos, J. and Mendoza, B. and Escobar, M. and Nastos, F. and Sipe, J.},
    year = {2009}
}

@article{caramellaPRB09,
    title = {High-resolution electron energy loss spectra of reconstructed Si(100) surfaces: First-principles study},
    author = {Caramella, L. and Hogan, C. and Onida, G. and Del Sole, R.},
    journal = prb,
    volume = {79},
    issue = {15},
    pages = {155447},
    numpages = {10},
    year = {2009},
    month = {Apr},
    publisher = {American Physical Society},
    doi = {10.1103/PhysRevB.79.155447},
}

@article{castilloPRB03,
    title = {Layer-by-layer analysis of surface reflectance anisotropy in semiconductors},
    volume = {68},
    doi = {10.1103/PhysRevB.68.041310},
    pages = {041310},
    number = {4},
    journal = prb,
    author = {Castillo, C. and Mendoza, B. S. and Schmidt, W. G. and Hahn, P. H. and Bechstedt, F.},
    year = {2003}
}

@article{cazzanelliNM14,
    author = {Cazzanelli, M. and Bianco, F. and Borga, E. and Pucker, G. and Ghulinyan, M. and Degoli, E. and Luppi, E. and V{\'e}niard, V. and Ossicini, 
             S. and Modotto, D. and Wabnitz, S. and Pierobon, R. and Pavesi, L.},
    title = {Second-harmonic generation in silicon waveguides strained by silicon nitride},
    journal = nm,
    year = {2014},
    volume= {11},
    pages = {148}
}

@article{chenPRL81,
    title = {Surface-Enhanced Second-Harmonic Generation},
    volume = {46},
    doi = {10.1103/PhysRevLett.46.145},
    number = {2},
    urldate = {2013-02-12},
    journal = prl,
    author = {Chen, C. K. and de Castro, A. R. B. and Shen, Y. R.},
    month = jan,
    year = {1981},
    pages = {145-148}
}

@article{ciniPRB91,
    title = {Simple model of electric-dipole second-harmonic generation from interfaces},
    volume = {43},
    doi = {10.1103/PhysRevB.43.4792},
    pages = {4792-4802},
    number = {6},
    journal = prb,
    author = {Cini, M.},
    year = {1991}
}

@article{dadapPRB97,
    title = {Second-harmonic spectroscopy of a Si (001) surface during calibrated variations in temperature and hydrogen coverage},
    volume = {56},
    number = {20},
    urldate = {2013-01-21},
    journal = prb,
    author = {Dadap, J. I. and Xu, Z. and Hu, X. F. and Downer, M. C. and Russell, N. M. and Ekerdt, J. G. and Aktsipetrov, O. A.},
    year = {1997},
    pages = {13367}
}

@article{daumPRL93,
    title = {Identification of strained silicon layers at Si-{SiO}\_\{2\} interfaces and clean Si surfaces by nonlinear optical spectroscopy},
    volume = {71},
    doi = {10.1103/PhysRevLett.71.1234},
    number = {8},
    urldate = {2013-02-12},
    journal = prl,
    author = {Daum, W. and Krause, H. J. and Reichel, U. and Ibach, H.},
    month = aug,
    year = {1993},
    pages = {1234-1237}
}

@article{delsolePRB93,
    author = {R. Del Sole and Raffaello Girlanda},
    title = {Optical properties of semiconductors within the independent-quasiparticle approximation},
    journal = prb,
    year = {1993},
    pages = {11789}
}

@article{downerPSSA01,
    title = {Optical Second Harmonic Spectroscopy of Silicon Surfaces, Interfaces and Nanocrystals},
    volume = {188},
    copyright = {© 2001 {WILEY}-{VCH} Verlag Berlin {GmbH}, Fed. Rep. of Germany},
    doi = {10.1002/1521-396X(200112)188:4<1371::AID-PSSA1371>3.0.CO;2-U},
    language = {en},
    number = {4},
    urldate = {2013-02-10},
    journal = {Phys. Status Solidi A},
    author = {Downer, M. C. and Jiang, Y. and Lim, D. and Mantese, L. and Wilson, P. T. and Mendoza, B. S. and Gavrilenko, V.I.},
    year = {2001},
    pages = {1371-1381}
}

@article{downerSIA01,
    title = {Optical second harmonic spectroscopy of semiconductor surfaces: advances in microscopic understanding},
    volume = {31},
    shorttitle = {Optical second harmonic spectroscopy of semiconductor surfaces},
    pages = {966–986},
    number = {10},
    journal = {Surf. Interface Anal.},
    author = {Downer, M. C. and Mendoza, B. S. and Gavrilenko, V. I.},
    year = {2001}
}

@article{fuchsCPC99,
    title = {Ab initio pseudopotentials for electronic structure calculations of poly-atomic systems using density-functional theory},
    volume = {119},
    doi = {10.1016/S0010-4655(98)00201-X},
    number = {1},
    urldate = {2014-11-16},
    journal = cpc,
    author = {Fuchs, M. and Scheffler, M.},
    month = jun,
    year = {1999},
    pages = {67-98}
}

@article{garciaCPC01,
    title = {{GW} self-energy calculations for surfaces and interfaces},
    volume = {137},
    doi = {10.1016/S0010-4655(01)00174-6},
    number = {1},
    urldate = {2014-11-20},
    journal = cpc,
    author = {Garc{\'i}a-Gonz{\'a}lez, P. and Godby, R. W.},
    month = jun,
    year = {2001},
    pages = {108-122}
}

@article{gavrilenkoTSF00,
    title = {Optical second harmonic spectra of silicon-adatom surfaces: theory and experiment},
    volume = {364},
    doi = {10.1016/S0040-6090(99)00900-1},
    shorttitle = {Optical second harmonic spectra of silicon-adatom surfaces},
    pages = {1-5},
    number = {1},
    journal = {Thin Solid Films},
    author = {Gavrilenko, V. I. and Wu, R. Q. and Downer, M. C. and Ekerdt, J. G. and Lim, D. and Parkinson, P.},
    year = {2000}
}

@article{ghahramaniPRB91,
    title = {Full-band-structure calculation of second-harmonic generation in odd-period strained (Si)n/(Ge)n superlattices},
    volume = {43},
    doi = {10.1103/PhysRevB.43.8990},
    number = {11},
    urldate = {2014-11-15},
    journal = prb,
    author = {Ghahramani, E. and Moss, D. J. and Sipe, J. E.},
    month = apr,
    year = {1991},
    pages = {8990-9002}
}

@article{godefroyAPL96,
    title = {Electric field induced second harmonic generation spectroscopy on a metal-oxide-silicon structure},
    volume = {68},
    number = {14},
    urldate = {2013-01-07},
    journal = {Appl. Phys. Lett.},
    author = {Godefroy, P. and De Jong, W. and Van Hasselt, C. W. and Devillers, M. A. C. and Rasing, T.},
    year = {1996},
    pages = {1981-1983}
}

@article{gordienkoRPJ04,
    title = {Influence of the Pseudopotential Nonlocality on the Calculated Optical Characteristics of Crystals},
    volume = {47},
    doi = {10.1023/B:RUPJ.0000049740.43599.0c},
    language = {en},
    number = {7},
    urldate = {2014-11-20},
    journal = {Russian Physics Journal},
    author = {Gordienko, A. B. and Poplavnoi, A. S.},
    month = jul,
    year = {2004},
    keywords = {Applied Optics, Optoelectronics, Optical Devices, Condensed Matter, Mathematical and Computational Physics, Nuclear Physics, Heavy Ions, Hadrons, Physics, general},
    pages = {687-691}
}

@article{guyotPRB88,
    title = {Bulk contribution in surface second-harmonic generation},
    volume = {38},
    doi = {10.1103/PhysRevB.38.7985},
    number = {12},
    urldate = {2013-02-12},
    journal = prb,
    author = {Guyot-Sionnest, P. and Shen, Y. R.},
    month = oct,
    year = {1988},
    pages = {7985-7989}
}

@article{guyotPRB90,
    title = {Electronic distribution and nonlinear optical response at the metal-electrolyte interface},
    volume = {64},
    doi = {10.1103/PhysRevLett.64.1678},
    pages = {1678-1681},
    number = {14},
    journal = prl,
    author = {Guyot-Sionnest, P. and Tadjeddine, A. and Liebsch, A.},
    year = {1990}
}

@article{hoferAPA96,
    title = {Nonlinear optical investigations of the dynamics of hydrogen interaction with silicon surfaces},
    volume = {63},
    doi = {10.1007/BF01567209},
    language = {en},
    number = {6},
    urldate = {2014-11-19},
    journal = {Appl. Phys. A},
    author = {H{\"o}fer, U.},
    month = dec,
    year = {1996},
    pages = {533-547}
}

@article{hoganPRB03,
    title = {Optical properties of real surfaces from microscopic calculations of the dielectric function of finite atomic slabs},
    volume = {68},
    doi = {10.1103/PhysRevB.68.035405},
    pages = {035405},
    number = {3},
    journal = prb,
    author = {Hogan, C. and Del Sole, R. and Onida, G.},
    year = {2003}
}

@article{hubenerPRB11,
    author = {H{\"u}bener, H. and Luppi, E. and V{\'e}niard, V.},
    title = {Ab initio calculation of many-body effects on the second-harmonic generation spectra of hexagonal SiC polytypes},
    journal = prb,
    year = {2011},
    volume = {83},
    pages = {115205}
}

@article{hughesPRB96,
    title = {Calculation of second-order optical response in semiconductors},
    volume = {53},
    number = {16},
    urldate = {2013-01-13},
    journal = prb,
    author = {Hughes, J. L. P. and Sipe, J. E.},
    year = {1996},
    pages = {10751}
}

@article{hybertsenPRB86,
    title = {Electron correlation in semiconductors and insulators: Band gaps and quasiparticle energies},
    volume = {34},
    shorttitle = {Electron correlation in semiconductors and insulators},
    doi = {10.1103/PhysRevB.34.5390},
    number = {8},
    urldate = {2014-11-19},
    journal = prb,
    author = {Hybertsen, M. S. and Louie, S. G.},
    month = oct,
    year = {1986},
    pages = {5390-5413}
}

@article{ismailPRL01,
    title = {Coupling of Nonlocal Potentials to Electromagnetic Fields},
    volume = {87},
    doi = {10.1103/PhysRevLett.87.087402},
    number = {8},
    urldate = {2014-05-05},
    journal = prl,
    author = {Ismail-Beigi, S. and Chang, E. K. and Louie, S. G.},
    month = aug,
    year = {2001},
    pages = {087402}
}

@article{kleinmanPRL82,
    title = {Efficacious Form for Model Pseudopotentials},
    volume = {48},
    doi = {10.1103/PhysRevLett.48.1425},
    pages = {1425-1428},
    number = {20},
    journal = prl,
    author = {Kleinman, L. and Bylander, D. M.},
    year = {1982}
}

@article{kohnPR65,
    title = {Self-Consistent Equations Including Exchange and Correlation Effects},
    volume = {140},
    doi = {10.1103/PhysRev.140.A1133},
    number = {4A},
    urldate = {2012-10-03},
    journal = {Phys. Rev.},
    author = {Kohn, W. and Sham, L. J.},
    month = nov,
    year = {1965},
    pages = {A1133-A1138}
}

@article{lambrechtPSSB00,
    title = {From Band Structures to Linear and Nonlinear Optical Spectra in Semiconductors},
    volume = {217},
    rights = {© 2000 {WILEY}-{VCH} Verlag Berlin {GmbH}, Fed. Rep. of Germany},
    doi = {10.1002/(SICI)1521-3951(200001)217:1<599::AID-PSSB599>3.0.CO;2-O},
    pages = {599-640},
    number = {1},
    journal = {Phys. Status Solidi B},
    author = {Lambrecht, W. R. L. and Rashkeev, S. N.},
    year = {2000},
    langid = {english}
}

@article{leitsmannPRB05,
    title = {Second-harmonic polarizability including electron-hole attraction from band-structure theory},
    volume = {71},
    pages= {195209},
    doi = {10.1103/PhysRevB.71.195209},
    language = {en},
    number = {19},
    urldate = {2014-11-15},
    journal = prb,
    author = {Leitsmann, R. and Schmidt, W. and Hahn, P. and Bechstedt, F.},
    year = {2005}
}

@article{levinePRB94,
    title = {Optical second-harmonic susceptibilities: Frequency-dependent formulation with results for {GaP} and {GaAs}},
    volume = {49},
    shorttitle = {Optical second-harmonic susceptibilities},
    doi = {10.1103/PhysRevB.49.4532},
    number = {7},
    urldate = {2013-02-12},
    journal = prb,
    author = {Levine, Z. H.},
    month = feb,
    year = {1994},
    pages = {4532-4538}
}

@article{levinePRL89,
    title = {Linear optical response in silicon and germanium including self-energy effects},
    volume = {63},
    doi = {10.1103/PhysRevLett.63.1719},
    number = {16},
    urldate = {2014-11-19},
    journal = prl,
    author = {Levine, Z. H. and Allan, D. C.},
    month = oct,
    year = {1989},
    pages = {1719-1722}
}

@article{levinePRB91,
    title = {Optical SHG in III-V semiconductors: Detailed formulation and computational results},
    volume = {4},
    journal = prb,
    author = {Levine, Z. H. and Allan, D. C.},
    year = {1991},
    pages = {12781}
}

@article{levinePRL91,
    title = {Quasiparticle calculation of the dielectric response of silicon and germanium},
    volume = {43},
    doi = {10.1103/PhysRevB.43.4187},
    number = {5},
    urldate = {2014-11-19},
    journal = prb,
    author = {Levine, Z. H. and Allan, D. C.},
    month = feb,
    year = {1991},
    pages = {4187-4207}
}

@article{limPRB00,
    title = {Optical second harmonic spectroscopy of boron-reconstructed Si (001)},
    volume = {84},
    pages = {3406–3409},
    number = {15},
    journal = prl,
    author = {Lim, D. and Downer, M. C. and Ekerdt, J. G. and Arzate, N. and Mendoza, B. S. and Gavrilenko, V. I. and Wu, R. Q.},
    year = {2000}
}

@article{luceroJPCM12,
    title = {Improved semiconductor lattice parameters and band gaps from a middle-range screened hybrid exchange functional},
    volume = {24},
    doi = {10.1088/0953-8984/24/14/145504},
    language = {en},
    number = {14},
    urldate = {2014-11-19},
    journal = {J. Phys.: Condens. Matter},
    author = {Lucero, M. J. and Henderson, T. M. and Scuseria, G. E.},
    month = apr,
    year = {2012},
    pages = {145504}
}

@article{lupkeSSR99,
    title = {Characterization of semiconductor interfaces by second-harmonic generation},
    volume = {35},
    doi = {10.1016/S0167-5729(99)00007-2},
    pages = {75-161},
    number = {3},
    journal = {Surf. Sci. Rep.},
    author = {L{\"u}pke, G.},
    year = {1999}
}

@article{luppiJCP10,
    title = {Communications: Ab initio second-order nonlinear optics in solids},
    volume = {132},
    shorttitle = {Communications},
    doi = {10.1063/1.3457671},
    language = {en},
    number = {24},
    urldate = {2014-05-16},
    journal = jcp,
    author = {Luppi, E. and H{\"u}bener, H. and V{\'e}niard, V.},
    year = {2010},
    pages = {241104}
}

@article{luppiPRB10,
    author = {Luppi, E. and H{\"u}bener, H. and V{\'e}niard, V.},
    title = {Ab initio second-order nonlinear optics in solids: Second-harmonic generation spectroscopy from time-dependent density-functional theory},
    journal = prb,
    year = {2010},
    volume = {82},
    pages = {235201}
}

@article{maytorenaPRB98,
    title = {Theory of surface sum frequency generation spectroscopy},
    volume = {57},
    number = {4},
    urldate = {2013-01-13},
    journal = prb,
    author = {Maytorena, J. A. and Mendoza, B. S. and Moch{\'a}n, W. L.},
    year = {1998},
    pages = {2569}
}

@article{mcgilpOE94,
    title = {Probing semiconductor interfaces using nonlinear optical spectroscopy},
    volume = {33},
    doi = {10.1117/12.186373},
    number = {12},
    urldate = {2014-11-19},
    journal = {Opt. Eng.},
    author = {McGilp, J. F. and Cavanagh, M. and Power, J. R. and O'Mahony, J. D.},
    year = {1994},
    pages = {3895-3900}
}

@article{mcgilpSRL99,
    title = {Second-harmonic generation at semiconductor and metal surfaces},
    volume = {6},
    number = {03n04},
    urldate = {2013-01-19},
    journal = {Surf. Rev. Lett.},
    author = {McGilp, J. F.},
    year = {1999},
    pages = {529-558}
}

@article{mejiaPRB02,
    title = {Surface second-harmonic generation from Si (111)(1x1) H: Theory versus experiment},
    volume = {66},
    shorttitle = {Surface second-harmonic generation from Si (111)(1\${\textbackslash}times\$ 1) H},
    number = {19},
    urldate = {2013-02-08},
    journal = prb,
    author = {Mej{\'i}a, J. E. and Mendoza, B. S. and Palummo, M. and Onida, G. and Del Sole, R. and Bergfeld, S. and Daum, W.},
    year = {2002},
    pages = {195329}
}

@article{mejiaRMF04,
    title = {Layer-by-layer analysis of second harmonic generation at a simple surface},
    volume = {50},
    pages = {134-139},
    number = {2},
    journal = rmf,
    author = {Mej{\'i}a, J. E. and Mendoza, B. S. and Salazar, C.},
    year = {2004}
}

@article{mejiaSS01,
    title = {Second-harmonic generation from single-domain Si(1 0 0) surfaces},
    volume = {487},
    doi = {10.1016/S0039-6028(01)01090-1},
    pages = {180-190},
    number = {1},
    journal = {Surf. Sci.},
    author = {Mej{\'i}a, J. E. and Mendoza, B. S.},
    year = {2001}
}

@article{mendozaPRB01,
    title = {Ab initio calculation of second-harmonic-generation at the Si(100) surface},
    volume = {63},
    doi = {10.1103/PhysRevB.63.205406},
    pages = {205406},
    number = {20},
    journal = prb,
    author = {Mendoza, B. S. and Palummo, M. and Onida, G. and Del Sole, R.},
    year = {2001}
}

@article{mendozaPRB06,
    title = {Layer-by-layer analysis of the linear optical response of clean and hydrogenated Si(100) surfaces},
    volume = {74},
    doi = {10.1103/PhysRevB.74.075318},
    pages = {075318},
    number = {7},
    journal = prb,
    author = {Mendoza, B. S. and Nastos, F. and Arzate, N. and Sipe, J.},
    year = {2006}
}

@article{mendozaPRB96a,
    title = {Exactly solvable model of surface second-harmonic generation},
    volume = {53},
    number = {8},
    urldate = {2012-10-02},
    journal = prb,
    author = {Mendoza, B. S. and Moch{\'a}n, W. L.},
    year = {1996},
    pages = {4999}
}

@article{mendozaPRB96b,
    title = {Local-field effect in the second-harmonic-generation spectra of Si surfaces},
    volume = {53},
    pages = {10473–10476},
    number = {16},
    journal = prb,
    author = {Mendoza, B. S. and Moch{\'a}n, W. L.},
    year = {1996}
}

@article{mendozaPRB97,
    title = {Polarizable-bond model for second-harmonic generation},
    volume = {55},
    pages = {2489},
    number = {4},
    journal = prb,
    author = {Mendoza, B. S. and Moch{\'a}n, W. L.},
    year = {1997}
}

@article{mendozaPRB99,
    title = {Visible-infrared sum and difference frequency generation at adsorbate-covered Au},
    volume = {60},
    pages = {14334},
    number = {20},
    journal = prb,
    author = {Mendoza, B. S. and Moch{\'a}n, W. L. and Maytorena, J. A.},
    year = {1999}
}

@article{mendozaPRL98,
    title = {Microscopic theory of second harmonic generation at Si (100) surfaces},
    volume = {81},
    pages = {3781–3784},
    number = {17},
    journal = prl,
    author = {Mendoza, B. S. and Gaggiotti, A. and Del Sole, R.},
    year = {1998}
}

@article{meyerPRL95,
    title = {Electronic Transitions at Si(111)/{SiO}2 and Si(111)/S3N4 Interfaces Studied by Optical Second-Harmonic Spectroscopy},
    volume = {74},
    doi = {10.1103/PhysRevLett.74.3001},
    number = {15},
    urldate = {2013-02-12},
    journal = prl,
    author = {Meyer, C. and L{\"u}pke, G. and Emmerichs, U. and Wolter, F. and Kurz, H. and Bjorkman, C. H. and Lucovsky, G.},
    month = apr,
    year = {1995},
    pages = {3001-3004}
}

@article{mitchellSS01,
    title = {Second harmonic generation spectroscopy of chemically modified Si(1 1 1) surfaces},
    volume = {488},
    doi = {10.1016/S0039-6028(01)01161-X},
    number = {3},
    urldate = {2014-11-19},
    journal = {Surf. Sci.},
    author = {Mitchell, S. A and Mehendale, M and Villeneuve, D. M and Boukherroub, R},
    month = aug,
    year = {2001},
    pages = {367-378}
}

@article{mizrahiJOSA88,
    title = {Phenomenological treatment of surface second-harmonic generation},
    volume = {5},
    pages = {660–667},
    number = {3},
    journal = josab,
    author = {Mizrahi, V. and Sipe, J. E.},
    year = {1988}
}

@article{mottaCMS10,
    title = {Implementation of techniques for computing optical properties in 0–3 dimensions, including a real-space cutoff, in {ABINIT}},
    volume = {50},
    doi = {10.1016/j.commatsci.2010.09.036},
    pages = {698-703},
    number = {2},
    journal = {Comput. Mater. Sci.},
    author = {Motta, C. and Giantomassi, M. and Cazzaniga, M. and Ga{\'a}l-Nagy, K. and Gonze, X.},
    year = {2010}
}

@article{nastosPRB05,
    title = {Scissors implementation within length-gauge formulations of the frequency-dependent nonlinear optical response of semiconductors},
    volume = {72},
    doi = {10.1103/PhysRevB.72.045223},
    pages = {045223},
    number = {4},
    journal = prb,
    author = {Nastos, F. and Olejnik, B. and Schwarz, K. and Sipe, J. E.},
    year = {2005}
}

@article{nastosPRB07,
    title = {Full band structure {LDA} and k∙p calculations of optical spin-injection},
    volume = {76},
    doi = {10.1103/PhysRevB.76.205113},
    number = {20},
    urldate = {2013-06-08},
    journal = prb,
    author = {Nastos, F. and Rioux, J. and Strimas-Mackey, M. and Mendoza, B. S. and Sipe, J.},
    month = nov,
    year = {2007}
}

@article{nicolasPRB14,
    title = {Effect of material properties on the accuracy of antiresonant approximation: Linear and second-order optical responses},
    volume = {90},
    shorttitle = {Effect of material properties on the accuracy of antiresonant approximation},
    doi = {10.1103/PhysRevB.90.035212},
    number = {3},
    urldate = {2014-11-19},
    journal = prb,
    author = {Tancogne-Dejean, N. and Mendoza, B. S. and V{\'e}niard, V.},
    month = jul,
    year = {2014},
    pages = {035212}
}

@article{onidaRMP02,
    title = {Electronic excitations: density-functional versus many-body Green’s-function approaches},
    volume = {74},
    shorttitle = {Electronic excitations},
    number = {2},
    urldate = {2013-04-20},
    journal = {Rev. Mod. Phys.},
    author = {Onida, G. and Reining, L. and Rubio, A.},
    year = {2002},
    pages = {601}
}

@article{powerPRL95,
    title = {Resonant Optical Second Harmonic Generation at the Steps of Vicinal Si(001)},
    volume = {75},
    doi = {10.1103/PhysRevLett.75.1138},
    number = {6},
    urldate = {2013-02-12},
    journal = prl,
    author = {Power, J. R. and O'Mahony, J. D. and Chandola, S. and McGilp, J. F.},
    month = aug,
    year = {1995},
    pages = {1138-1141}
}

@article{rashkeevPRB98,
    title = {Efficient ab initio method for the calculation of frequency-dependent second-order optical response in semiconductors},
    volume = {57},
    doi = {10.1103/PhysRevB.57.3905},
    pages = {3905-3919},
    number = {7},
    journal = prb,
    author = {Rashkeev, S. N. and Lambrecht, W. R. L. and Segall, B.},
    year = {1998}
}

@article{reiningPRB94,
    title = {Microscopic calculation of second-harmonic generation at semiconductor surfaces: As/Si(111) as a test case},
    volume = {50},
    doi = {10.1103/PhysRevB.50.8411},
    shorttitle = {Microscopic calculation of second-harmonic generation at semiconductor surfaces},
    pages = {8411-8422},
    number = {12},
    journal = prb,
    author = {Reining, L. and Del Sole, R. and Cini, M. and Ping, J. G.},
    year = {1994}
}

@article{rohlfingPRB95,
    title = {Efficient scheme for {GW} quasiparticle band-structure calculations with applications to bulk Si and to the Si(001)-(2×1) surface},
    volume = {52},
    doi = {10.1103/PhysRevB.52.1905},
    number = {3},
    urldate = {2014-11-20},
    journal = prb,
    author = {Rohlfing, M. and Kr{\"u}ger, P. and Pollmann, J.},
    month = jul,
    year = {1995},
    pages = {1905-1917}
}

@article{salazar-aparicioPRB14,
    title = {Molecular hydrogen physisorption on boron-nitride nanotubes probed by second harmonic generation},
    volume = {90},
    doi = {10.1103/PhysRevB.90.155403},
    number = {15},
    urldate = {2014-11-19},
    journal = prb,
    author = {Salazar-Aparicio, R. V. and V{\'a}zquez-Nava, R. A. and Arzate, N. and Mendoza, B. S.},
    month = oct,
    year = {2014},
    pages = {155403}
}

@article{sanoPRB02,
    title = {Ab initio study of linear and nonlinear optical responses of Si(111) surfaces},
    volume = {66},
    doi = {10.1103/PhysRevB.66.195338},
    number = {19},
    urldate = {2014-11-20},
    journal = prb,
    author = {Sano, H. and Mizutani, G. and Wolf, W. and Podloucky, R.},
    month = nov,
    year = {2002},
    pages = {195338}
}

@article{sharmaPRB03,
    title = {Linear and second-order optical response of {III}-V monolayer superlattices},
    volume = {67},
    doi = {10.1103/PhysRevB.67.165332},
    language = {en},
    number = {16},
    urldate = {2014-11-15},
    journal = prb,
    author = {Sharma, S. and Dewhurst, J. and Ambrosch-Draxl, C.},
    month = apr,
    year = {2003}
}

@article{shenAPB99,
    title = {Surface contribution versus bulk contribution in surface nonlinear optical spectroscopy},
    volume = {68},
    number = {3},
    urldate = {2013-01-07},
    journal = {Appl. Phys. B},
    author = {Shen, Y. R.},
    year = {1999},
    pages = {295-300}
}

@article{shenNAT89,
    title = {Surface properties probed by second-harmonic and sum-frequency generation},
    volume = {337},
    doi = {10.1038/337519a0},
    number = {6207},
    urldate = {2013-02-10},
    journal = {Nature},
    author = {Shen, Y. R.},
    month = feb,
    year = {1989},
    pages = {519-525}
}

@article{sipePRB00,
    title = {Second-order optical response in semiconductors},
    volume = {61},
    pages = {5337},
    number = {8},
    journal = prb,
    author = {Sipe, J. E. and Shkrebtii, A. I.},
    year = {2000}
}

@article{sipePRB93,
    title = {Nonlinear optical response of semiconductors in the independent-particle approximation},
    volume = {48},
    doi = {10.1103/PhysRevB.48.11705},
    number = {16},
    urldate = {2013-01-27},
    journal = prb,
    author = {Sipe, J. E. and Ghahramani, E.},
    year = {1993},
    pages = {11705-11722}
}

@article{suzukiAPB99,
    title = {Surface second-harmonic generation spectra of Si (111)-7x7 in the—1.0 1.7 {eV} fundamental photon energy},
    volume = {68},
    number = {3},
    urldate = {2013-01-07},
    journal = {Appl. Phys. B},
    author = {Suzuki, T. and Milovzorov, D. E. and Kogo, S. and Tsukakoshi, M. and Aono, M.},
    year = {1999},
    pages = {623-627}
}

@article{trollePRB14,
    title = {Theory of excitonic second-harmonic generation in monolayer {MoS}2},
    volume = {89},
    doi = {10.1103/PhysRevB.89.235410},
    number = {23},
    urldate = {2014-10-30},
    journal = prb,
    author = {Trolle, M. L. and Seifert, G. and Pedersen, T. G.},
    month = jun,
    year = {2014},
    pages = {235410}
}

@article{troullierPRB91,
    title = {Efficient pseudopotentials for plane-wave calculations},
    volume = {43},
    doi = {10.1103/PhysRevB.43.1993},
    number = {3},
    urldate = {2014-11-16},
    journal = prb,
    author = {Troullier, N. and Martins, J. L.},
    month = jan,
    year = {1991},
    pages = {1993-2006}
}

@article{zheltikovLP00,
    title = {On the far-and near-field optical microscopy of microelectronics structures using second-harmonic and Sum-Frequency Generation},
    volume = {10},
    number = {2},
    urldate = {2014-11-19},
    journal = {Laser Phys.},
    author = {Zheltikov, A. M. and Ferrante, G. and Zarcone, M.},
    year = {2000},
    pages = {600-602}
}

@misc{abinit,
    OPTkey = {},
    OPTauthor = {},
    OPTtitle = {},
    OPThowpublished = {},
    OPTmonth = {},
    OPTyear = {},
    note = {The ABINIT code is a common project of the Universit\`e Catholique de Louvain, 
    Corning Incorporated, and other contributors (URL http://www.abinit.org).
    X. Gonze, et al. Computational Materials Science, {\bf 25}, 478 (2002); 
    X. Gonze, et al., Zeit. Crystallogr, {\bf 220}, 558 (2005).}
}


@misc{olevanoDP,
    author = {V. Olevano and L. Reining and F. Sottile},
note = {http://etsf.polytechnique.fr/Software/Ab$\_$Initio}
}

@misc{nicolaspc,
    OPTkey = {},
    OPTauthor = {},
    OPTtitle = {},
    OPThowpublished = {},
    OPTmonth = {},
    OPTyear = {},
    note = {Nicolas Tancogne-Dejean private communication. 
    Indeed, one can compute the layered contribution of the non-local contribution to $\mathbf{v}$ with an analytic expression. 
    However, one needs to compute this within the DP code.},
    OPTannote = {}
}

@misc{note1,
    note = {The half-slab layer extends to the middle of the vacuum region between consecutive (front-back or back-front) surfaces of the repeated super cell scheme.}
}

@misc{note2,
    note = {In Ref.~\onlinecite{hoganPRB03}, a non hermitian operator was used in the context of linear optical response.}
}

@misc{olevano,
    author = {Valerio Olevano},
    OPTtitle = {},
    OPThowpublished = {},
    OPTmonth = {},
    OPTyear = {},
    note = {Private communication},
    OPTannote = {}
}

@misc{valerie,
    author = {Val\'erie V\'eniard and Luppi, E. and H{\"u}bener, H.},
    OPTtitle = {},
    OPThowpublished = {},
    OPTmonth = {},
    OPTyear = {},
    note = {unpublished.},
    OPTannote = {}
}

@Article{luppiPRB08,
  author = 	 {Luppi, Eleonora and Weissker, Hans-Christian and Bottaro, Sandro and Sottile Francesco and Val\'erie V\'eniard and Reining, Lucia and Onida, Giovanni},
  title = 	 {Accuracy of the pseudopotential approximation in \textit{ab initio} theoretical spectroscopies},
  journal = 	 prb,
  year = 	 {2008},
  volume = 	 {78},
  pages = 	 {245124}
}

@misc{beyond,
    note = {For bulk calculations schemes of the SH susceptibility tensor beyond the independent particle approximation see for instance 
Refs.~\onlinecite{adolphPRB00,leitsmannPRB05,luppiPRB10,luppiJCP10,hubenerPRB11,trollePRB14,attaccalitePRB13,gruningPRB14}}
}

@article{attaccalitePRB13,
  title = {Nonlinear optics from an ab initio approach by means of the
dynamical Berry phase: Application to second- and third-harmonic
generation in semiconductors},
  author = {Attaccalite, C. and Gr\"uning, M.},
  journal = {Phys. Rev. B},
  volume = {88},
  pages = {235113},
  year = {2013}
}

@article{gruningPRB14,
  title = {Second harmonic generation in $h$-BN and MoS${}_{2}$
monolayers: Role of electron-hole interaction},
  author = {Gr\"uning, M. and Attaccalite, C.},
  journal = {Phys. Rev. B},
  volume = {89},
  pages = {081102},
  year = {2014}
}

@Misc{olevanoPC,
  author = 	 {Olevano, Valerio},
  note = 	 {private communication.}
}

@article{kippPRL96,
    title = {Reflectance Difference Spectroscopy: Experiment and Theory for the Model System Si{(001):}As and Application to Si(001)},
    volume = {76},
    number = {15},
    journal = {Physical Review Letters},
    author = {Kipp, L. and Biegelsen, D. and Northrup, J. and Swartz, L.-E. and Bringans, R.},
    month = apr,
    year = {1996},
    pages = {2810--2813}
}
