

@article{chenPRL81,
  author =        {Chen, C. K. and de Castro, A. R. B. and Shen, Y. R.},
  journal =       {Phys. Rev. Lett.},
  month =         jan,
  number =        {2},
  pages =         {145-148},
  title =         {Surface-Enhanced Second-Harmonic Generation},
  volume =        {46},
  year =          {1981},
  doi =           {10.1103/PhysRevLett.46.145},
}

@article{shenNAT89,
  author =        {Shen, Y. R.},
  journal =       {Nature},
  month =         feb,
  number =        {6207},
  pages =         {519-525},
  title =         {Surface properties probed by second-harmonic and
                   sum-frequency generation},
  volume =        {337},
  year =          {1989},
  doi =           {10.1038/337519a0},
}

@article{mcgilpOE94,
  author =        {McGilp, J. F. and Cavanagh, M. and Power, J. R. and
                   O'Mahony, J. D.},
  journal =       {Opt. Eng.},
  number =        {12},
  pages =         {3895-3900},
  title =         {Probing semiconductor interfaces using nonlinear
                   optical spectroscopy},
  volume =        {33},
  year =          {1994},
  doi =           {10.1117/12.186373},
}

@article{bloembergenAPB99,
  author =        {Bloembergen, N.},
  journal =       {Appl. Phys. B-Lasers O.},
  number =        {3},
  pages =         {289-293},
  title =         {Surface nonlinear optics: a historical overview},
  volume =        {68},
  year =          {1999},
  doi =           {10.1007/s003400050621}
}

@article{mcgilpSRL99,
  author =        {McGilp, J. F.},
  journal =       {Surf. Rev. Lett.},
  number =        {03n04},
  pages =         {529-558},
  title =         {Second-harmonic generation at semiconductor and metal
                   surfaces},
  volume =        {6},
  year =          {1999},
  doi = {10.1142/S0218625X99000494}
}

@article{lupkeSSR99,
  author =        {L{\"u}pke, G.},
  journal =       {Surf. Sci. Rep.},
  number =        {3},
  pages =         {75-161},
  title =         {Characterization of semiconductor interfaces by
                   second-harmonic generation},
  volume =        {35},
  year =          {1999},
  doi =           {10.1016/S0167-5729(99)00007-2},
}

@article{downerPSSA01,
  author =        {Downer, M. C. and Jiang, Y. and Lim, D. and
                   Mantese, L. and Wilson, P. T. and Mendoza, B. S. and
                   Gavrilenko, V.I.},
  journal =       {Phys. Status Solidi A},
  number =        {4},
  pages =         {1371-1381},
  title =         {Optical Second Harmonic Spectroscopy of Silicon
                   Surfaces, Interfaces and Nanocrystals},
  volume =        {188},
  year =          {2001},
  doi =
  {10.1002/1521-396X(200112)188:4<1371::AID-PSSA1371>3.0.CO;2-U},
}

@article{downerSIA01,
  author =        {Downer, M. C. and Mendoza, B. S. and
                   Gavrilenko, V. I.},
  journal =       {Surf. Interface Anal.},
  number =        {10},
  pages =         {966-986},
  title =         {Optical second harmonic spectroscopy of semiconductor
                   surfaces: advances in microscopic understanding},
  volume =        {31},
  year =          {2001},
  doi = {10.1002/sia.1133}
}

@article{vanhasseltJOSAB95,
  author =        {Hasselt, C. W. van and Devillers, M. A. C. and
                   Rasing, Th. and Aktsipetrov, O. A.},
  journal =       {J. Opt. Soc. Am. B},
  month =         jan,
  number =        {1},
  pages =         {33},
  title =         {Second-harmonic generation from thick thermal oxides
                   on {Si}(111): the influence of multiple reflections},
  volume =        {12},
  year =          {1995},
  doi =           {10.1364/JOSAB.12.000033},
  issn =          {0740-3224, 1520-8540},
}

@article{kolthammerPRB05,
  author =        {Kolthammer, William S. and Barnard, Dustin and
                   Carlson, Nicole and Edens, Aaron D. and
                   Miller, Nathan A. and Saeta, Peter N.},
  journal =       {Phys. Rev. B},
  month =         jul,
  number =        {4},
  pages =         {045446},
  title =         {Harmonic generation in thin films and multilayers},
  volume =        {72},
  year =          {2005},
  doi =           {10.1103/PhysRevB.72.045446},
}

@article{yeganehPRB92,
  author =        {Yeganeh, M. S. and Qi, J. and Culver, J. P. and
                   Yodh, A. G. and Tamargo, M. C.},
  journal =       {Phys. Rev. B},
  month =         jul,
  number =        {3},
  pages =         {1603--1610},
  title =         {Interference in reflected second-harmonic generation
                   from thin nonlinear films},
  volume =        {46},
  year =          {1992},
  doi =           {10.1103/PhysRevB.46.1603},
}

@article{haseAPL92,
  author =        {Hase, Y. and Kumata, K. and Kano, S. S. and
                   Ohashi, M. and Kondo, T. and Ito, R. and Shiraki, Y.},
  journal =       {Appl. Phys. Lett.},
  number =        {2},
  pages =         {145--146},
  title =         {New method for determining the nonlinear optical
                   coefficients of thin films},
  volume =        {61},
  year =          {1992},
  doi = {10.1063/1.108199}
}

@article{buinitskayaMJPS02,
  author =        {Buinitskaya, G. and Kravetsky, I. and Kulyuk, L. and
                   Mirovitskii, V. and Rusu, E.},
  journal =       {Moldavian Journal of the Physical Sciences},
  number =        {N4},
  title =         {Optical {Second} {Harmonic} {Generation} {In} {ZnO}
                   {Film}: {Multiple}-reflection {Effects}},
  volume =        {1},
  issue =         {4},
  year =          {2002},
  pages =         {77--81}
}

@inproceedings{buinitskayaCAS03,
  author =        {Buinitskaya, G. and Kravetsky, I. and Kulyuk, L. and
                   Mirovitskii, V. and Rusu, E.},
  booktitle =     {Semiconductor Conference, 2003. CAS 2003.
                   International},
  month =         sep,
  pages =         {322},
  title =         {Characterization of thin {ZnO} film by optical second
                   harmonic generation: experiment and theory},
  volume =        {2},
  year =          {2003},
  doi =           {10.1109/SMICND.2003.1252444},
}

@article{makerPRL62,
  author =        {Maker, P. D. and Terhune, R. W. and Nisenoff, M. and
                   Savage, C. M.},
  journal =       {Phys. Rev. Lett.},
  month =         jan,
  number =        {1},
  pages =         {21--22},
  title =         {Effects of {Dispersion} and {Focusing} on the
                   {Production} of {Optical} {Harmonics}},
  volume =        {8},
  year =          {1962},
  doi =           {10.1103/PhysRevLett.8.21},
}

@article{tellierOC07,
  author =        {Tellier, G. and Boisrobert, C.},
  journal =       {Optics Communications},
  month =         nov,
  number =        {1},
  pages =         {183--195},
  title =         {Second harmonic generation: {Effects} of the multiple
                   reflections of the fundamental and the second
                   harmonic waves on the {Maker} fringes},
  volume =        {279},
  year =          {2007},
  doi =           {10.1016/j.optcom.2007.06.048},
  issn =          {0030-4018},
}

@article{abeJOSAB08,
  author =        {Abe, M. and Shoji, I. and Suda, J. and Kondo, T.},
  journal =       {J. Opt. Soc. Am. B},
  month =         oct,
  number =        {10},
  pages =         {1616},
  title =         {Comprehensive analysis of multiple-reflection effects
                   on rotational {Maker}-fringe experiments},
  volume =        {25},
  year =          {2008},
  doi =           {10.1364/JOSAB.25.001616},
  issn =          {0740-3224, 1520-8540},
}

@article{bloembergenPR62,
  author =        {Bloembergen, N. and Pershan, P. S.},
  journal =       {Physical Review},
  month =         oct,
  number =        {2},
  pages =         {606--622},
  title =         {Light {Waves} at the {Boundary} of {Nonlinear}
                   {Media}},
  volume =        {128},
  year =          {1962},
  doi =           {10.1103/PhysRev.128.606},
}

@article{dickAPB85,
  author =        {Dick, B. and Gierulski, A. and Marowsky, G. and
                   Reider, G. A.},
  journal =       {Appl. Phys. B},
  month =         oct,
  number =        {2},
  pages =         {107--116},
  title =         {Determination of the nonlinear optical susceptibility
                   $\chi^{(2)}$ of surface layers by sum and difference
                   frequency generation in reflection and transmission},
  volume =        {38},
  year =          {1985},
  doi =           {10.1007/BF00697449},
  issn =          {0946-2171, 1432-0649},
}

@article{sipePRB87,
  author =        {Sipe, J. E. and Moss, D. J. and van Driel, H. M.},
  journal =       {Phys. Rev. B},
  month =         jan,
  number =        {3},
  pages =         {1129--1141},
  title =         {Phenomenological theory of optical second- and
                   third-harmonic generation from cubic centrosymmetric
                   crystals},
  volume =        {35},
  year =          {1987},
  doi =           {10.1103/PhysRevB.35.1129},
}

@article{mizrahiJOSA88,
  author =        {Mizrahi, V. and Sipe, J. E.},
  journal =       {J. Opt. Soc. Am. B},
  number =        {3},
  pages =         {660-667},
  title =         {Phenomenological treatment of surface second-harmonic
                   generation},
  volume =        {5},
  year =          {1988},
  doi = {10.1364/JOSAB.5.000660}
}

@article{moritaJJAP88,
  author =        {Morita, Ryuji and Kondo, Takashi and Kaneda, Yushi and
                   Sugihashi, Atsushi and Ogasawara, Nagaatsu and
                   Umegaki, Shinsuke and Ito, Ryoichi},
  journal =       {Japanese Journal of Applied Physics},
  month =         jun,
  number =        {Part 2, No. 6},
  pages =         {L1134--L1136},
  title =         {Multiple-{Reflection} {Effects} in {Optical}
                   {Second}-{Harmonic} {Generation}},
  volume =        {27},
  year =          {1988},
  doi =           {10.1143/JJAP.27.L1134},
  issn =          {0021-4922},
}

@article{reiningPRB94,
  author =        {Reining, L. and Del Sole, R. and Cini, M. and
                   Ping, J. G.},
  journal =       {Phys. Rev. B},
  number =        {12},
  pages =         {8411-8422},
  title =         {Microscopic calculation of second-harmonic generation
                   at semiconductor surfaces: {As/Si(111)} as a test
                   case},
  volume =        {50},
  year =          {1994},
  doi =           {10.1103/PhysRevB.50.8411},
}

@article{andersonPRB15,
  author =        {Anderson, S. M. and Tancogne-Dejean, N. and
                   Mendoza, B. S. and V{\'e}niard, V.},
  journal =       {Phys. Rev. B},
  month =         feb,
  number =        {7},
  pages =         {075302},
  title =         {Theory of surface second-harmonic generation for
                   semiconductors including effects of nonlocal
                   operators},
  volume =        {91},
  year =          {2015},
  doi =           {10.1103/PhysRevB.91.075302},
}

@article{andersonPRB16a,
  author =        {Anderson, S. M. and Tancogne-Dejean, N. and
                   Mendoza, B. S. and V{\'e}\-niard, V.},
  journal =       {Phys. Rev. B},
  month =         {May},
  number =        {23},
  pages =         {235304},
  publisher =     {American Physical Society (APS)},
  title =         {Improved \emph{ab initio} calculation of surface
                   second-harmonic generation from
                   Si(111)(1{$\times$}1)H},
  volume =        {93},
  year =          {2016},
  doi =           {10.1103/PhysRevB.93.235304},
}

@article{mejiaRMF04,
  author =        {Mej{\'i}a, J. E. and Mendoza, B. S. and Salazar, C.},
  journal =       {Revista Mexicana de F\'{\i}sica},
  number =        {2},
  pages =         {134--139},
  title =         {Layer-by-layer analysis of second harmonic generation
                   at a simple surface},
  volume =        {50},
  year =          {2004},
}

@article{andersonPRB16b,
  author =        {Anderson, S. M. and Mendoza, B. S.},
  journal =       {Phys. Rev. B},
  month =         {September},
  pages =         {115314},
  publisher =     {American Physical Society (APS)},
  title =         {Three-layer model for the surface second-harmonic
                   generation yield including multiple reflections},
  volume =        {94},
  year =          {2016},
  doi =           {10.1103/PhysRevB.94.115314},
}

@article{mejiaPRB02,
  author =        {Mej{\'i}a, J. E. and Mendoza, B. S. and Palummo, M. and
                   Onida, G. and Del Sole, R. and Bergfeld, S. and
                   Daum, W.},
  journal =       {Phys. Rev. B},
  number =        {19},
  pages =         {195329},
  title =         {Surface second-harmonic generation from Si (111)(1x1)
                   H: Theory versus experiment},
  volume =        {66},
  year =          {2002},
  doi = {10.1103/PhysRevB.66.195329}
}

@article{aktsipetrovJETP86,
  author =        {Aktsipetrov, A. and Baranova, I. M. and
                   Il'inskii, A.},
  journal =       {J. Exp. Theor. Phys.},
  number =        {1},
  pages =         {167},
  title =         {Surface contribution to the generation of reflected
                   second-harmonic light for centrosymmetric
                   semiconductors},
  volume =        {64},
  year =          {1986},
}

@article{xuJVST97,
  author =        {Xu, Z. and Hu, X. F. and Lim, D. and Ekerdt, J. G. and
                   Downer, M. C.},
  journal =       {J. Vac. Sci. Technol. B},
  month =         jul,
  number =        {4},
  pages =         {1059--1064},
  title =         {Second harmonic spectroscopy of {Si}(001) surfaces:
                   {Sensitivity} to surface hydrogen and doping, and
                   applications to kinetic measurements},
  volume =        {15},
  year =          {1997},
  doi =           {10.1116/1.589415},
  issn =          {2166-2746, 2166-2754},
}

@article{guyotPRB88,
  author =        {Guyot-Sionnest, P. and Shen, Y. R.},
  journal =       {Phys. Rev. B},
  month =         oct,
  number =        {12},
  pages =         {7985-7989},
  title =         {Bulk contribution in surface second-harmonic
                   generation},
  volume =        {38},
  year =          {1988},
  doi =           {10.1103/PhysRevB.38.7985},
}

@article{shenAPB99,
  author =        {Shen, Y. R.},
  journal =       {Appl. Phys. B},
  number =        {3},
  pages =         {295-300},
  title =         {Surface contribution versus bulk contribution in
                   surface nonlinear optical spectroscopy},
  volume =        {68},
  year =          {1999},
  doi = {10.1007/s003400050622}
}

@book{boyd,
  address =       {New York},
  author =        {Boyd, R.W.},
  publisher =     {Academic Press},
  title =         {Nonlinear Optics},
  year =          {2003},
  isbn =          {0121216829},
}

@book{sutherland,
  author =        {Sutherland, Richard L.},
  month =         apr,
  publisher =     {CRC Press},
  title =         {Handbook of {Nonlinear} {Optics}},
  year =          {2003},
  isbn =          {978-0-8247-4243-0},
}

@book{jacksonbook,
  author =        {Jackson, J. D.},
  edition =       {3rd Edition},
  month =         jul,
  pages =         {832},
  publisher =     {Wiley-VCH},
  title =         {Classical Electrodynamics, 3rd Edition},
  year =          {1998},
}

@article{mitchellSS01,
  author =        {Mitchell, S. A. and Mehendale, M. and
                   Villeneuve, D. M. and Boukherroub, R.},
  journal =       {Surf. Sci.},
  month =         aug,
  number =        {3},
  pages =         {367--378},
  title =         {Second harmonic generation spectroscopy of chemically
                   modified {Si}(1 1 1) surfaces},
  volume =        {488},
  year =          {2001},
  doi =           {10.1016/S0039-6028(01)01161-X},
  issn =          {0039-6028},
}

@article{bergfeldPRL04,
  author =        {Bergfeld, S. and Braunschweig, B. and Daum, W.},
  journal =       {Phys. Rev. Lett.},
  month =         aug,
  number =        {9},
  pages =         {097402},
  title =         {Nonlinear {Optical} {Spectroscopy} of {Suboxides} at
                   {Oxidized} {Si}(111) {Interfaces}},
  volume =        {93},
  year =          {2004},
  doi =           {10.1103/PhysRevLett.93.097402},
}

@article{liPRB10,
  author =        {Li, Y. and Galli, G.},
  journal =       {Phys. Rev. B},
  month =         jul,
  number =        {4},
  pages =         {045321},
  title =         {Electronic and spectroscopic properties of the
                   hydrogen-terminated {Si}(111) surface from ab initio
                   calculations},
  volume =        {82},
  year =          {2010},
  doi =           {10.1103/PhysRevB.82.045321},
}

@book{yubook,
  author =        {Yu, P. and Cardona, M.},
  edition =       {Third},
  month =         mar,
  publisher =     {Springer Science \& Business Media},
  title =         {Fundamentals of {Semiconductors}: {Physics} and
                   {Materials} {Properties}},
  year =          {2005},
  isbn =          {978-3-540-25470-6},
}

@article{aartsPRB06,
  title = {Probing hydrogenated amorphous silicon surface states by spectroscopic and real-time second-harmonic generation},
  volume = {73},
  issn = {1098-0121, 1550-235X},
  doi = {10.1103/PhysRevB.73.045327},
  number = {4},
  journal = {Physical Review B},
  author = {Aarts, I. M. P. and Gielis, J. J. H. and van de Sanden, M. C. M. and Kessels, W. M. M.},
  month = jan,
  year = {2006}
}

@article{gielisJVSTA08,
  title = {Optical second-harmonic generation in thin film systems},
  volume = {26},
  issn = {0734-2101, 1520-8559},
  doi = {10.1116/1.2990854},
  number = {6},
  journal = {Journal of Vacuum Science \& Technology A: Vacuum, Surfaces, and Films},
  author = {Gielis, J. J. H. and Gevers, P. M. and Aarts, I. M. P. and van de Sanden, M. C. M. and Kessels, W. M. M.},
  month = nov,
  year = {2008},
  pages = {1519--1537}
}

@article{kesselsAPL04,
  title = {Spectroscopic second harmonic generation measured on plasma-deposited hydrogenated amorphous silicon thin films},
  volume = {85},
  issn = {0003-6951, 1077-3118},
  doi = {10.1063/1.1812836},
  number = {18},
  journal = {Applied Physics Letters},
  author = {Kessels, W. M. M. and Gielis, J. J. H. and Aarts, I. M. P. and Leewis, C. M. and van de Sanden, M. C. M.},
  month = nov,
  year = {2004},
  pages = {4049--4051}
}

@article{lettieriAPL07,
  title = {Second harmonic generation analysis in hydrogenated amorphous silicon nitride thin films},
  volume = {90},
  issn = {0003-6951, 1077-3118},
  doi = {10.1063/1.2424661},
  number = {2},
  journal = {Applied Physics Letters},
  author = {Lettieri, S. and Merola, F. and Maddalena, P. and Ricciardi, C. and Giorgis, F.},
  month = jan,
  year = {2007},
  pages = {021919}
}

@article{dadapPRB97,
    title = {Second-harmonic spectroscopy of a {Si} (001) surface during calibrated variations in temperature and hydrogen coverage},
    volume = {56},
    number = {20},
    urldate = {2013-01-21},
    journal = prb,
    author = {Dadap, J. I. and Xu, Z. and Hu, X. F. and Downer, M. C. and Russell, N. M. and Ekerdt, J. G. and Aktsipetrov, O. A.},
    year = {1997},
    pages = {13367}
}

@article{nicolasPRB15,
    title = {Optical properties of surfaces with supercell {\emph{ab initio}} calculations: Local-field effects},
    volume = {92},
    doi = {10.1103/PhysRevB.92.245308},
    number = {24},
    journal = prb,
    author = {Tancogne-Dejean, N. and Giorgetti, C. and V{\'e}niard, V.},
    month = jul,
    year = {2015},
    pages = {245308}
}

@phdthesis{tancognedejean:tel-01235611,
   title = {{Ab initio description of second-harmonic generation from crystal surfaces}},
   author = {Tancogne-Dejean, Nicolas},
   url = {https://pastel.archives-ouvertes.fr/tel-01235611},
   school = {{Ecole polytechnique}},
   year = {2015},
   month = sep
}

@article{mendozaPRB06,
    title = {Layer-by-layer analysis of the linear optical response of clean and hydrogenated Si(100) surfaces},
    volume = {74},
    doi = {10.1103/PhysRevB.74.075318},
    pages = {075318},
    number = {7},
    journal = prb,
    author = {Mendoza, B. S. and Nastos, F. and Arzate, N. and Sipe, J.},
    year = {2006}
}
