@misc{andersonARXIV16,
  author    = {Anderson, S. M. and Mendoza, B. S.},
  title     = {Derivation of the three-layer model for surface second-harmonic generation},
  date      = {2016-04-27},
  year      = {2016},
  eprint    = {arXiv:1604.07722}
}

@article{bloembergenAPB99,
  author =        {Bloembergen, N.},
  journal =       {Appl. Phys. B-Lasers O.},
  number =        {3},
  pages =         {289-293},
  title =         {Surface nonlinear optics: a historical overview},
  volume =        {68},
  year =          {1999},
}

@article{castilloPRB03,
    title = {Layer-by-layer analysis of surface reflectance anisotropy in semiconductors},
    volume = {68},
    doi = {10.1103/PhysRevB.68.041310},
    pages = {041310},
    number = {4},
    journal = prb,
    author = {Castillo, C. and Mendoza, B. S. and Schmidt, W. G. and Hahn, P. H. and Bechstedt, F.},
    year = {2003}
}

@article{chenPRL81,
  author =        {Chen, C. K. and de Castro, A. R. B. and Shen, Y. R.},
  journal =       {Phys. Rev. Lett.},
  month =         jan,
  number =        {2},
  pages =         {145-148},
  title =         {Surface-Enhanced Second-Harmonic Generation},
  volume =        {46},
  year =          {1981},
  doi =           {10.1103/PhysRevLett.46.145},
}

@article{daumPRL93,
  author =        {Daum, W. and Krause, H. J. and Reichel, U. and
                   Ibach, H.},
  journal =       {Phys. Rev. Lett.},
  month =         aug,
  number =        {8},
  pages =         {1234-1237},
  title =         {Identification of strained silicon layers at
                   Si-{SiO}\_\{2\} interfaces and clean Si surfaces by
                   nonlinear optical spectroscopy},
  volume =        {71},
  year =          {1993},
  doi =           {10.1103/PhysRevLett.71.1234},
}

@article{downerPSSA01,
  author =        {Downer, M. C. and Jiang, Y. and Lim, D. and
                   Mantese, L. and Wilson, P. T. and Mendoza, B. S. and
                   Gavrilenko, V.I.},
  journal =       {Phys. Status Solidi A},
  number =        {4},
  pages =         {1371-1381},
  title =         {Optical Second Harmonic Spectroscopy of Silicon
                   Surfaces, Interfaces and Nanocrystals},
  volume =        {188},
  year =          {2001},
  doi =
  {10.1002/1521-396X(200112)188:4<1371::AID-PSSA1371>3.0.CO;2-U},
  language =      {en},
}

@article{downerSIA01,
  author =        {Downer, M. C. and Mendoza, B. S. and
                   Gavrilenko, V. I.},
  journal =       {Surf. Interface Anal.},
  number =        {10},
  pages =         {966-986},
  title =         {Optical second harmonic spectroscopy of semiconductor
                   surfaces: advances in microscopic understanding},
  volume =        {31},
  year =          {2001},
}

@article{hughesPRB96,
  author =        {Hughes, J. L. P. and Sipe, J. E.},
  journal =       {Phys. Rev. B},
  number =        {16},
  pages =         {10751},
  title =         {Calculation of second-order optical response in
                   semiconductors},
  volume =        {53},
  year =          {1996},
}

@article{mcgilpOE94,
  author =        {McGilp, J. F. and Cavanagh, M. and Power, J. R. and
                   O'Mahony, J. D.},
  journal =       {Opt. Eng.},
  number =        {12},
  pages =         {3895-3900},
  title =         {Probing semiconductor interfaces using nonlinear
                   optical spectroscopy},
  volume =        {33},
  year =          {1994},
  doi =           {10.1117/12.186373},
}

@article{mcgilpSRL99,
  author =        {McGilp, J. F.},
  journal =       {Surf. Rev. Lett.},
  number =        {03n04},
  pages =         {529-558},
  title =         {Second-harmonic generation at semiconductor and metal
                   surfaces},
  volume =        {6},
  year =          {1999},
}

@article{mendozaPRL98,
  author =        {Mendoza, B. S. and Gaggiotti, A. and Del Sole, R.},
  journal =       {Phys. Rev. Lett.},
  number =        {17},
  pages =         {3781-3784},
  title =         {Microscopic theory of second harmonic generation at
                   Si (100) surfaces},
  volume =        {81},
  year =          {1998},
}

@article{shenNAT89,
  author =        {Shen, Y. R.},
  journal =       {Nature},
  month =         feb,
  number =        {6207},
  pages =         {519-525},
  title =         {Surface properties probed by second-harmonic and
                   sum-frequency generation},
  volume =        {337},
  year =          {1989},
  doi =           {10.1038/337519a0},
}

@article{levinePRB94,
  title = {Optical second-harmonic susceptibilities: {Frequency}-dependent formulation with results for {GaP} and {GaAs}},
  volume = {49},
  shorttitle = {Optical second-harmonic susceptibilities},
  doi = {10.1103/PhysRevB.49.4532},
  number = {7},
  urldate = {2014-11-19},
  journal = prb,
  author = {Levine, Z. H.},
  month = feb,
  year = {1994},
  pages = {4532--4538}
}

@article{deanPRB14,
  author =        {Dean, J. J. and Lange, C. and van Driel, H. M.},
  journal =       {Phys. Rev. B},
  month =         jan,
  number =        {2},
  pages =         {024102},
  title =         {Ultrafast surface strain dynamics in {MnAs} thin
                   films observed with second harmonic generation},
  volume =        {89},
  year =          {2014},
  doi =           {10.1103/PhysRevB.89.024102},
}

@article{malardPRB13,
  author =        {Malard, L. M. and Alencar, T. V. and
                   Barboza, A. P. M. and Mak, K. F. and de Paula, A. M.},
  journal =       {Phys. Rev. B},
  month =         may,
  number =        {20},
  pages =         {201401},
  title =         {Observation of intense second harmonic generation
                   from {MoS}\$\{\}\_\{2\}\$ atomic crystals},
  volume =        {87},
  year =          {2013},
  doi =           {10.1103/PhysRevB.87.201401},
}

@article{arzatePRB01,
  author =        {Arzate, N. and Mendoza, B. S.},
  journal =       {Phys. Rev. B},
  number =        {12},
  pages =         {125303},
  title =         {Microscopic study of surface second-harmonic
                   generation from a clean Si(100) c(4{$\times$}2)
                   surface},
  volume =        {63},
  year =          {2001},
  doi =           {10.1103/PhysRevB.63.125303},
}

@article{mendozaPRB01,
  author =        {Mendoza, B. S. and Palummo, M. and Onida, G. and
                   Del Sole, R.},
  journal =       {Phys. Rev. B},
  number =        {20},
  pages =         {205406},
  title =         {Ab initio calculation of second-harmonic-generation
                   at the Si(100) surface},
  volume =        {63},
  year =          {2001},
  doi =           {10.1103/PhysRevB.63.205406},
}

@article{mejiaPRB02,
  author =        {Mej{\'i}a, J. E. and Mendoza, B. S. and Palummo, M. and
                   Onida, G. and Del Sole, R. and Bergfeld, S. and
                   Daum, W.},
  journal =       {Phys. Rev. B},
  number =        {19},
  pages =         {195329},
  title =         {Surface second-harmonic generation from Si (111)(1x1)
                   H: Theory versus experiment},
  volume =        {66},
  year =          {2002},
}

@article{sanoPRB02,
  author =        {Sano, H. and Mizutani, G. and Wolf, W. and
                   Podloucky, R.},
  journal =       {Phys. Rev. B},
  month =         nov,
  number =        {19},
  pages =         {195338},
  title =         {Ab initio study of linear and nonlinear optical
                   responses of Si(111) surfaces},
  volume =        {66},
  year =          {2002},
  doi =           {10.1103/PhysRevB.66.195338},
}

@article{mejiaRMF04,
  author =        {Mej{\'i}a, J. E. and Mendoza, B. S. and Salazar, C.},
  journal =       {Revista Mexicana de F\'{\i}sica},
  number =        {2},
  pages =         {134-139},
  title =         {Layer-by-layer analysis of second harmonic generation
                   at a simple surface},
  volume =        {50},
  year =          {2004},
}

@article{trollePRB14,
  author =        {Trolle, Mads L. and Seifert, Gotthard and
                   Pedersen, Thomas G.},
  journal =       {Phys. Rev. B},
  month =         jun,
  number =        {23},
  pages =         {235410},
  title =         {Theory of excitonic second-harmonic generation in
                   monolayer {MoS}2},
  volume =        {89},
  year =          {2014},
  doi =           {10.1103/PhysRevB.89.235410},
}

@article{andersonPRB15,
  author =        {Anderson, S. M. and Tancogne-Dejean, N. and
                   Mendoza, B. S. and V{\'e}niard, V.},
  journal =       {Phys. Rev. B},
  month =         feb,
  number =        {7},
  pages =         {075302},
  title =         {Theory of surface second-harmonic generation for
                   semiconductors including effects of nonlocal
                   operators},
  volume =        {91},
  year =          {2015},
  doi =           {10.1103/PhysRevB.91.075302},
}

@article{mitchellSS01,
  author =        {Mitchell, S. A. and Mehendale, M. and
                   Villeneuve, D. M. and Boukherroub, R.},
  journal =       {Surf. Sci.},
  month =         aug,
  number =        {3},
  pages =         {367--378},
  title =         {Second harmonic generation spectroscopy of chemically
                   modified {Si}(1 1 1) surfaces},
  volume =        {488},
  year =          {2001},
  doi =           {10.1016/S0039-6028(01)01161-X},
  issn =          {0039-6028},
}

@article{cabellosPRB09,
  author =        {Cabellos, J. and Mendoza, B. and Escobar, M. and
                   Nastos, F. and Sipe, J.},
  journal =       {Phys. Rev. B},
  number =        {15},
  pages =         {155205},
  title =         {Effects of nonlocality on second-harmonic generation
                   in bulk semiconductors},
  volume =        {80},
  year =          {2009},
  doi =           {10.1103/PhysRevB.80.155205},
}

@article{hoferAPA96,
  author =        {H{\"o}fer, U.},
  journal =       {Appl. Phys. A},
  month =         dec,
  number =        {6},
  pages =         {533--547},
  title =         {Nonlinear optical investigations of the dynamics of
                   hydrogen interaction with silicon surfaces},
  volume =        {63},
  year =          {1996},
  doi =           {10.1007/BF01567209},
  issn =          {0947-8396, 1432-0630},
  language =      {en},
}

@article{bergfeldPRL04,
  author =        {Bergfeld, S. and Braunschweig, B. and Daum, W.},
  journal =       {Phys. Rev. Lett.},
  month =         aug,
  number =        {9},
  pages =         {097402},
  title =         {Nonlinear {Optical} {Spectroscopy} of {Suboxides} at
                   {Oxidized} {Si}(111) {Interfaces}},
  volume =        {93},
  year =          {2004},
  doi =           {10.1103/PhysRevLett.93.097402},
}

@misc{anderson2016,
  note =          {S. M. Anderson and B. S. Mendoza submitted.},
}

@article{mizrahiJOSA88,
  author =        {Mizrahi, V. and Sipe, J. E.},
  journal =       {J. Opt. Soc. Am. B},
  number =        {3},
  pages =         {660-667},
  title =         {Phenomenological treatment of surface second-harmonic
                   generation},
  volume =        {5},
  year =          {1988},
}

@article{sipePRB87,
  author =        {Sipe, J. E. and Moss, D. J. and van Driel, H. M.},
  journal =       {Phys. Rev. B},
  month =         jan,
  number =        {3},
  pages =         {1129--1141},
  title =         {Phenomenological theory of optical second- and
                   third-harmonic generation from cubic centrosymmetric
                   crystals},
  volume =        {35},
  year =          {1987},
  doi =           {10.1103/PhysRevB.35.1129},
}

@article{bloembergenPR62,
  author =        {Bloembergen, N. and Pershan, P. S.},
  journal =       {Physical Review},
  month =         oct,
  number =        {2},
  pages =         {606--622},
  title =         {Light {Waves} at the {Boundary} of {Nonlinear}
                   {Media}},
  volume =        {128},
  year =          {1962},
  doi =           {10.1103/PhysRev.128.606},
}

@article{aktsipetrovJETP86,
  author =        {Aktsipetrov, A. and Baranova, I. M. and
                   Il'inskii, A.},
  journal =       {J. Exp. Theor. Phys.},
  pages =         {167},
  title =         {Surface contribution to the generation of reflected
                   second-harmonic light for centrosymmetric
                   semiconductors},
  volume =        {64},
  number=         {1},
  year =          {1986},
}

@article{xuJVST97,
  author =        {Xu, Z. and Hu, X. F. and Lim, D. and Ekerdt, J. G. and
                   Downer, M. C.},
  journal =       {J. Vac. Sci. Technol. B},
  month =         jul,
  number =        {4},
  pages =         {1059--1064},
  title =         {Second harmonic spectroscopy of {Si}(001) surfaces:
                   {Sensitivity} to surface hydrogen and doping, and
                   applications to kinetic measurements},
  volume =        {15},
  year =          {1997},
  doi =           {10.1116/1.589415},
  issn =          {2166-2746, 2166-2754},
}

@article{guyotPRB88,
  author =        {Guyot-Sionnest, P. and Shen, Y. R.},
  journal =       {Phys. Rev. B},
  month =         oct,
  number =        {12},
  pages =         {7985-7989},
  title =         {Bulk contribution in surface second-harmonic
                   generation},
  volume =        {38},
  year =          {1988},
  doi =           {10.1103/PhysRevB.38.7985},
}

@article{shenAPB99,
  author =        {Shen, Y. R.},
  journal =       {Appl. Phys. B},
  number =        {3},
  pages =         {295-300},
  title =         {Surface contribution versus bulk contribution in
                   surface nonlinear optical spectroscopy},
  volume =        {68},
  year =          {1999},
}

@article{nastosPRB05,
  author =        {Nastos, F. and Olejnik, B. and Schwarz, K. and
                   Sipe, J. E.},
  journal =       {Phys. Rev. B},
  number =        {4},
  pages =         {045223},
  title =         {Scissors implementation within length-gauge
                   formulations of the frequency-dependent nonlinear
                   optical response of semiconductors},
  volume =        {72},
  year =          {2005},
  doi =           {10.1103/PhysRevB.72.045223},
}

@article{nicolasPRB14,
  author =        {Tancogne-Dejean, N. and Mendoza, B. S. and
                   V{\'e}niard, V.},
  journal =       {Phys. Rev. B},
  month =         jul,
  number =        {3},
  pages =         {035212},
  title =         {Effect of material properties on the accuracy of
                   antiresonant approximation: Linear and second-order
                   optical responses},
  volume =        {90},
  year =          {2014},
  doi =           {10.1103/PhysRevB.90.035212},
}

@article{mendozaPRB06,
  author =        {Mendoza, B. S. and Nastos, F. and Arzate, N. and
                   Sipe, J.},
  journal =       {Phys. Rev. B},
  number =        {7},
  pages =         {075318},
  title =         {Layer-by-layer analysis of the linear optical
                   response of clean and hydrogenated Si(100) surfaces},
  volume =        {74},
  year =          {2006},
  doi =           {10.1103/PhysRevB.74.075318},
}

@article{nicolasPRB15,
  author =        {Tancogne-Dejean, N. and Giorgetti, C. and
                   V{\'e}niard, V.},
  journal =       {Phys. Rev. B},
  month =         jul,
  number =        {24},
  pages =         {245308},
  title =         {Optical properties of surfaces with supercell
                   {\emph{ab initio}} calculations: Local-field effects},
  volume =        {92},
  year =          {2015},
  doi =           {10.1103/PhysRevB.92.245308},
}

@article{gonzeCPS09,
  author =        {{G}onze, {X}. and {A}madon, {B}. and
                   {A}nglade, {P}. -. {M}. and {B}euken, {J}. -. {M}. and
                   {B}ottin, {F}. and {B}oulanger, {P}. and
                   {B}runeval, {F}. and {C}aliste, {D}. and
                   {C}aracas, {R}. and {C}ote, {M}. and {D}eutsch, {T}. and
                   {G}enovese, {L}. and {G}hosez, {P}h. and
                   {G}iantomassi, {M}. and {G}oedecker, {S}. and
                   {H}amann, {D}. {R}. and {H}ermet, {P}. and
                   {J}ollet, {F}. and {J}omard, {G}. and {L}eroux, {S}. and
                   {M}ancini, {M}. and {M}azevet, {S}. and
                   {O}liveira, {M}. {J}. {T}. and {O}nida, {G}. and
                   {P}ouillon, {Y}. and {R}angel, {T}. and
                   {R}ignanese, {G}. -. {M}. and {S}angalli, {D}. and
                   {S}haltaf, {R}. and {T}orrent, {M}. and
                   {V}erstraete, {M}. {J}. and {Z}erah, {G}. and
                   {Z}wanziger, {J}. {W}.},
  journal =       {Comput. Phys. Commun.},
  month =         dec,
  number =        {12},
  pages =         {2582--2615},
  title =         {{ABINIT}: {F}irst-principles approach to material and
                   nanosystem properties},
  volume =        {180},
  year =          {2009},
  doi =           {10.1016/j.cpc.2009.07.007},
}

@misc{abinit,
  note =          {The ABINIT code is a common project of the
                   Universit{\'e} Catholique de Louvain, Corning
                   Incorporated, and other contributors (URL
                   http://www.abinit.org).},
}

@article{troullierPRB91,
  author =        {Troullier, N. and Martins, J. L.},
  journal =       {Phys. Rev. B},
  month =         jan,
  number =        {3},
  pages =         {1993-2006},
  title =         {Efficient pseudopotentials for plane-wave
                   calculations},
  volume =        {43},
  year =          {1991},
  doi =           {10.1103/PhysRevB.43.1993},
}

@article{kaxirasPRB88,
  author =        {Kaxiras, E. and Joannopoulos, J. D.},
  journal =       {Phys. Rev. B},
  month =         may,
  number =        {15},
  pages =         {8842--8848},
  title =         {Hydrogenation of semiconductor surfaces: {Si} and
                   {Ge} (111)},
  volume =        {37},
  year =          {1988},
  doi =           {10.1103/PhysRevB.37.8842},
}

@article{jonaPRB95,
  author =        {Jona, F. and Thompson, W. A. and Marcus, P. M.},
  journal =       {Phys. Rev. B},
  month =         sep,
  number =        {11},
  pages =         {8226--8230},
  title =         {Experimental determination of the atomic structure of
                   a {H}-terminated {Si}{111} surface},
  volume =        {52},
  year =          {1995},
  doi =           {10.1103/PhysRevB.52.8226},
}

@article{alfonsoPRB96,
  author =        {Alfonso, D. R. and Noguez, C. and Drabold, D. A. and
                   Ulloa, S. E.},
  journal =       {Phys. Rev. B},
  month =         sep,
  number =        {11},
  pages =         {8028--8032},
  title =         {First-principles studies of hydrogenated
                   {Si}(111)-7x7},
  volume =        {54},
  year =          {1996},
  doi =           {10.1103/PhysRevB.54.8028},
}

@article{cargnoniJOCP00,
  author =        {Cargnoni, F. and Gatti, C. and May, E. and
                   Narducci, D.},
  journal =       {J. Chem. Phys.},
  month =         jan,
  number =        {2},
  pages =         {887--899},
  title =         {Geometrical reconstructions and electronic
                   relaxations of silicon surfaces. {I}. {An} electron
                   density topological study of {H}-covered and clean
                   {Si}(111)(1{$\times$}1) surfaces},
  volume =        {112},
  year =          {2000},
  doi =           {10.1063/1.480616},
  issn =          {0021-9606, 1089-7690},
}

@book{weastCRC88,
  author =        {Weast, R. C. and Astle, M. J. and Beyer, W. H.},
  publisher =     {CRC press Boca Raton, FL},
  title =         {CRC handbook of chemistry and physics},
  volume =        {69},
  year =          {1988},
}

@misc{olevanoDP,
  author =        {Olevano, V. and Reining, L. and Sottile, F.},
  note =          {http://dp-code.org},
}

@article{liPRB10,
  author =        {Li, Y. and Galli, G.},
  journal =       {Phys. Rev. B},
  month =         jul,
  number =        {4},
  pages =         {045321},
  title =         {Electronic and spectroscopic properties of the
                   hydrogen-terminated {Si}(111) surface from ab initio
                   calculations},
  volume =        {82},
  year =          {2010},
  doi =           {10.1103/PhysRevB.82.045321},
}

@article{dadapPRB97,
    title = {Second-harmonic spectroscopy of a {Si} (001) surface during calibrated variations in temperature and hydrogen coverage},
    volume = {56},
    number = {20},
    urldate = {2013-01-21},
    journal = prb,
    author = {Dadap, J. I. and Xu, Z. and Hu, X. F. and Downer, M. C. and Russell, N. M. and Ekerdt, J. G. and Aktsipetrov, O. A.},
    year = {1997},
    pages = {13367}
}

@article{hoganPRB03,
    title = {Optical properties of real surfaces from microscopic calculations of the dielectric function of finite atomic slabs},
    volume = {68},
    doi = {10.1103/PhysRevB.68.035405},
    pages = {035405},
    number = {3},
    journal = prb,
    author = {Hogan, C. and Del Sole, R. and Onida, G.},
    year = {2003}
}

@article{gaalPRB09,
  title = {Optical spectra and microscopic structure of the oxidized {Si}(100) surface: {Combined} in situ optical experiments and first principles calculations},
  volume = {79},
  shorttitle = {Optical spectra and microscopic structure of the oxidized {Si}(100) surface},
  doi = {10.1103/PhysRevB.79.045312},
  number = {4},
  urldate = {2016-05-01},
  journal = prb,
  author = {Ga{\'a}l-Nagy, K. and Incze, A. and Onida, G. and Borensztein, Y. and Witkowski, N. and Pluchery, O. and Fuchs, F. and Bechstedt, F. and Del Sole, R.},
  month = jan,
  year = {2009},
  pages = {045312}
}

@article{palummoPRB99,
  title = {Ab initio optical properties of {Si}(100)},
  volume = {60},
  doi = {10.1103/PhysRevB.60.2522},
  number = {4},
  urldate = {2014-10-15},
  journal = prb,
  author = {Palummo, M. and Onida, G. and Del Sole, R. and Mendoza, B. S.},
  month = jul,
  year = {1999},
  pages = {2522--2527}
}

@phdthesis{tancognedejean:tel-01235611,
  author =        {Tancogne-Dejean, Nicolas},
  month =         sep,
  school =        {{Ecole polytechnique}},
  title =         {{Ab initio description of second-harmonic generation
                   from crystal surfaces}},
  year =          {2015},
  url =           {https://pastel.archives-ouvertes.fr/tel-01235611},
}

@Misc{puff,
  OPTkey = 	 {},
  OPTauthor = 	 {},
  OPTtitle = 	 {},
  OPThowpublished = {},
  OPTmonth = 	 {},
  OPTyear = 	 {},
  note =   {The size of the excitonic Hamiltonian scales as $(N^3_k\times N_v\times N_c)^2$, where $N_k$ is the total number of $\mathbf{k}$-points, and $N_{v}$ and $N_{c}$ are the number of valence and conduction states, respectively. For these values, the size of the Hamiltonian for the Si(111)(1$\times$1):H surface of this article would be over 1 petabyte, which far exceeds conventional computing capabilities.},
  OPTannote = 	 {}
}

