

@article{hohenbergPR64,
  author =        {Hohenberg, P. and Kohn, W.},
  journal =       {Phys. Rev.},
  number =        {3B},
  pages =         {B864},
  title =         {Inhomogeneous electron gas},
  volume =        {136},
  year =          {1964},
  url =           {http://link.aps.org/doi/10.1103/PhysRev.136.B864},
}

@article{kohnPR65,
  author =        {Kohn, W. and Sham, L. J.},
  journal =       {Phys. Rev.},
  month =         nov,
  number =        {4A},
  pages =         {A1133-A1138},
  title =         {Self-Consistent Equations Including Exchange and
                   Correlation Effects},
  volume =        {140},
  year =          {1965},
  doi =           {10.1103/PhysRev.140.A1133},
}

@article{rungePRL84,
  author =        {Runge, E. and Gross, E. K. U.},
  journal =       {Phys. Rev. Lett.},
  month =         mar,
  number =        {12},
  pages =         {997--1000},
  title =         {Density-{Functional} {Theory} for {Time}-{Dependent}
                   {Systems}},
  volume =        {52},
  year =          {1984},
  doi =           {10.1103/PhysRevLett.52.997},
  url =           {http://link.aps.org/doi/10.1103/PhysRevLett.52.997},
}

@article{onidaRMP02,
  author =        {Onida, G. and Reining, L. and Rubio, A.},
  journal =       {Rev. Mod. Phys.},
  number =        {2},
  pages =         {601},
  title =         {Electronic excitations: density-functional versus
                   many-body Green's-function approaches},
  volume =        {74},
  year =          {2002},
  doi =           {10.1103/RevModPhys.74.601},
}

@article{gavrilenkoPRB97,
  author =        {Gavrilenko, V. I. and Bechstedt, F.},
  journal =       {Phys. Rev. B},
  month =         feb,
  number =        {7},
  pages =         {4343--4352},
  title =         {Optical functions of semiconductors beyond
                   density-functional theory and random-phase
                   approximation},
  volume =        {55},
  year =          {1997},
  doi =           {10.1103/PhysRevB.55.4343},
  issn =          {0163-1829, 1095-3795},
  url =           {https://link.aps.org/doi/10.1103/PhysRevB.55.4343},
}

@book{fetterbook72,
  author =        {Fetter, A. L. and Walecka, J. D.},
  publisher =     {McGraw-Hill, Inc.},
  title =         {Quantum {Theory} of {Many} {Particle} {Systems}},
  volume =        {25},
  year =          {1972},
  url =           {http://physicstoday.scitation.org/doi/10.1063/1.3071096},
}

@article{hedinPR65,
  author =        {Hedin, L.},
  journal =       {Phys. Rev.},
  number =        {3A},
  pages =         {A796--A823},
  title =         {New method for calculating the one-particle {Green}'s
                   function with application to the electron-gas
                   problem},
  volume =        {139},
  year =          {1965},
  url =           {http://link.aps.org/doi/10.1103/PhysRev.139.A796},
}

@article{salpeterPR51,
  author =        {Salpeter, E. E. and Bethe, H. A.},
  journal =       {Phys. Rev.},
  number =        {6},
  pages =         {1232},
  title =         {A relativistic equation for bound-state problems},
  volume =        {84},
  year =          {1951},
  url =           {http://prola.aps.org/abstract/PR/v84/i6/p1232_1},
}

@book{abrikosovbook65,
  author =        {Abrikosov, A. A. and Gorlcov, L. P. and
                   Illyaloslinski, I. E.},
  publisher =     {Pergamon Press},
  series =        {Quantum {Field} {Theoretical} {Methods} in
                   {Statistical} {Physics}},
  title =         {Methods of {Quantum} {Field} {Theory} in
                   {Statistical} {Physics}},
  volume =        {4},
  year =          {1965},
}

@article{shamPR66,
  author =        {Sham, L. J. and Rice, T. M.},
  journal =       {Phys. Rev.},
  month =         apr,
  number =        {2},
  pages =         {708--714},
  title =         {Many-{Particle} {Derivation} of the
                   {Effective}-{Mass} {Equation} for the {Wannier}
                   {Exciton}},
  volume =        {144},
  year =          {1966},
  doi =           {10.1103/PhysRev.144.708},
  issn =          {0031-899X},
  url =           {https://link.aps.org/doi/10.1103/PhysRev.144.708},
}

@article{hankePRB80,
  author =        {Hanke, W. and Sham, L. J.},
  journal =       {Phys. Rev. B},
  number =        {10},
  pages =         {4656},
  title =         {Many-particle effects in the optical spectrum of a
                   semiconductor},
  volume =        {21},
  year =          {1980},
  url =           {http://journals.aps.org/prb/abstract/10.1103/
                  PhysRevB.21.4656},
}

@article{shirleyPRL93,
  author =        {Shirley, E. L. and Louie, S. G.},
  journal =       {Phys. Rev. Lett.},
  month =         jul,
  number =        {1},
  pages =         {133--136},
  title =         {Electron excitations in solid {C} 60 : {Energy} gap,
                   band dispersions, and effects of orientational
                   disorder},
  volume =        {71},
  year =          {1993},
  doi =           {10.1103/PhysRevLett.71.133},
  issn =          {0031-9007},
  url =           {https://link.aps.org/doi/10.1103/PhysRevLett.71.133},
}

@article{albrechtPRB97,
  author =        {Albrecht, S. and Onida, G. and Reining, L.},
  journal =       {Phys. Rev. B},
  month =         apr,
  number =        {16},
  pages =         {10278--10281},
  title =         {Ab initio calculation of the quasiparticle spectrum
                   and excitonic effects in {Li$_{2}$O}},
  volume =        {55},
  year =          {1997},
  doi =           {10.1103/PhysRevB.55.10278},
  url =           {https://link.aps.org/doi/10.1103/PhysRevB.55.10278},
}

@article{benedictPRL98,
  author =        {Benedict, L. X. and Shirley, E. L. and Bohn, R. B.},
  journal =       {Phys. Rev. Lett.},
  month =         may,
  number =        {20},
  pages =         {4514--4517},
  title =         {Optical {Absorption} of {Insulators} and the
                   {Electron}-{Hole} {Interaction}: {An} {Ab} {Initio}
                   {Calculation}},
  volume =        {80},
  year =          {1998},
  doi =           {10.1103/PhysRevLett.80.4514},
  url =           {https://link.aps.org/doi/10.1103/PhysRevLett.80.4514},
}

@article{benedictPRB99,
  author =        {Benedict, L. X. and Shirley, E. L.},
  journal =       {Phys. Rev. B},
  number =        {8},
  pages =         {5441},
  title =         {Ab initio calculation of {$\epsilon_{2}\omega$}
                   including the electron-hole interaction:
                   {Application} to {GaN} and {CaF$_{2}$}},
  volume =        {59},
  year =          {1999},
  doi =           {10.1103/PhysRevB.59.5441},
}

@article{benedictPRB03,
  author =        {Benedict, L. X. and Puzder, A. and Williamson, A. J. and
                   Grossman, J. C. and Galli, G. and Klepeis, J. E. and
                   Raty, J.-Y. and Pankratov, O.},
  journal =       {Phys. Rev. B},
  month =         aug,
  number =        {8},
  pages =         {085310},
  title =         {Calculation of optical absorption spectra of
                   hydrogenated {Si} clusters: {Bethe}-{Salpeter}
                   equation versus time-dependent local-density
                   approximation},
  volume =        {68},
  year =          {2003},
  doi =           {10.1103/PhysRevB.68.085310},
  issn =          {0163-1829, 1095-3795},
  url =           {https://link.aps.org/doi/10.1103/PhysRevB.68.085310},
}

@article{palummoJPCM04,
  author =        {Palummo, M. and Pulci, O. and Del Sole, R. and
                   Marini, A. and Hahn, P. and Schmidt, W. G. and
                   Bechstedt, F.},
  journal =       {J. Phys. Condens. Matter},
  month =         oct,
  number =        {39},
  pages =         {S4313--S4322},
  title =         {The {Bethe}-{Salpeter} equation: a first-principles
                   approach for calculating surface optical spectra},
  volume =        {16},
  year =          {2004},
  doi =           {10.1088/0953-8984/16/39/006},
  issn =          {0953-8984, 1361-648X},
  url =           {http://stacks.iop.org/0953-8984/16/i=39/a=006?
                  key=crossref.d8bfa6fc3036fe7b2adb7b4763e266b1},
}

@article{sittPRA07,
  author =        {Sitt, A. and Kronik, L. and Ismail-Beigi, S. and
                   Chelikowsky, J. R.},
  journal =       {Phys. Rev. A},
  month =         nov,
  number =        {5},
  pages =         {054501},
  title =         {Excited-state forces within time-dependent
                   density-functional theory: {A} frequency-domain
                   approach},
  volume =        {76},
  year =          {2007},
  doi =           {10.1103/PhysRevA.76.054501},
  issn =          {1050-2947, 1094-1622},
  url =           {https://link.aps.org/doi/10.1103/PhysRevA.76.054501},
}

@article{ramosPRB08,
  author =        {Ramos, L. E. and Paier, J. and Kresse, G. and
                   Bechstedt, F.},
  journal =       {Phys. Rev. B},
  month =         nov,
  number =        {19},
  pages =         {195423},
  title =         {Optical spectra of {Si} nanocrystallites:
                   {Bethe}-{Salpeter} approach versus time-dependent
                   density-functional theory},
  volume =        {78},
  year =          {2008},
  doi =           {10.1103/PhysRevB.78.195423},
  issn =          {1098-0121, 1550-235X},
  url =           {https://link.aps.org/doi/10.1103/PhysRevB.78.195423},
}

@article{roccaJCP10,
  author =        {Rocca, D. and Lu, D. and Galli, G.},
  journal =       {J. Chem. Phys.},
  number =        {16},
  pages =         {164109},
  title =         {Ab initio calculations of optical absorption spectra:
                   {Solution} of the {Bethe}-{Salpeter} equation within
                   density matrix perturbation theory},
  volume =        {133},
  year =          {2010},
  doi =           {10.1063/1.3494540},
  issn =          {00219606},
  url =           {http://link.aip.org/link/JCPSA6/v133/i16/p164109/s1&
                  Agg=doi},
}

@article{garciaJCP11,
  author =        {Garcia-Lastra, J. M. and Bass, J. D. and
                   Thygesen, K. S.},
  journal =       {J. Chem. Phys.},
  month =         sep,
  number =        {12},
  pages =         {121101},
  title =         {Communication: {Strong} excitonic and vibronic
                   effects determine the optical properties of
                   {Li}$_{2}$ {O}$_{2}$},
  volume =        {135},
  year =          {2011},
  doi =           {10.1063/1.3645544},
  issn =          {0021-9606, 1089-7690},
  url =           {http://aip.scitation.org/doi/10.1063/1.3645544},
}

@article{gruningCMS11,
  author =        {Gr{\"u}ning, M. and Marini, A. and Gonze, X.},
  journal =       {Comput. Mater. Sci},
  month =         may,
  number =        {7},
  pages =         {2148--2156},
  title =         {Implementation and testing of {Lanczos}-based
                   algorithms for Random-Phase Approximation
                   eigenproblems},
  volume =        {50},
  year =          {2011},
  doi =           {10.1016/j.commatsci.2011.02.021},
  issn =          {09270256},
  url =           {http://linkinghub.elsevier.com/retrieve/pii/
                  S092702561100111X},
}

@article{gattiPRB13,
  author =        {Gatti, M. and Sottile, F.},
  journal =       {Phys. Rev. B},
  month =         oct,
  number =        {15},
  pages =         {155113},
  title =         {Exciton dispersion from first principles},
  volume =        {88},
  year =          {2013},
  doi =           {10.1103/PhysRevB.88.155113},
  url =           {http://link.aps.org/doi/10.1103/PhysRevB.88.155113},
}

@article{onidaPRL95,
  author =        {Onida, G. and Reining, L. and Godby, R. W. and
                   Del Sole, R. and Andreoni, W.},
  journal =       {Phys. Rev. Lett.},
  month =         jul,
  number =        {5},
  pages =         {818--821},
  title =         {Ab {Initio} {Calculations} of the {Quasiparticle} and
                   {Absorption} {Spectra} of {Clusters}: {The} {Sodium}
                   {Tetramer}},
  volume =        {75},
  year =          {1995},
  doi =           {10.1103/PhysRevLett.75.818},
  issn =          {0031-9007, 1079-7114},
  url =           {https://link.aps.org/doi/10.1103/PhysRevLett.75.818},
}

@article{albrechtPRL98,
  author =        {Albrecht, S. and Reining, L. and Del Sole, R. and
                   Onida, G.},
  journal =       {Phys. Rev. Lett.},
  month =         may,
  number =        {20},
  pages =         {4510--4513},
  title =         {Ab Initio Calculation of Excitonic Effects in the
                   Optical Spectra of Semiconductors},
  volume =        {80},
  year =          {1998},
  doi =           {10.1103/PhysRevLett.80.4510},
  url =           {http://link.aps.org/doi/10.1103/PhysRevLett.80.4510},
}

@article{benedictPRB98,
  author =        {Benedict, Lorin X. and Shirley, Eric L. and
                   Bohn, Robert B.},
  journal =       {Phys. Rev. B},
  month =         apr,
  number =        {16},
  pages =         {R9385--R9387},
  title =         {Theory of optical absorption in diamond, {Si}, {Ge},
                   and {GaAs}},
  volume =        {57},
  year =          {1998},
  doi =           {10.1103/PhysRevB.57.R9385},
  issn =          {0163-1829, 1095-3795},
  url =           {https://link.aps.org/doi/10.1103/PhysRevB.57.R9385},
}

@article{rohlfingPRL98b,
  author =        {Rohlfing, M. and Louie, S. G.},
  journal =       {Phys. Rev. Lett.},
  month =         sep,
  number =        {11},
  pages =         {2312--2315},
  title =         {Electron-Hole Excitations in Semiconductors and
                   Insulators},
  volume =        {81},
  year =          {1998},
  doi =           {10.1103/PhysRevLett.81.2312},
  url =           {https://link.aps.org/doi/10.1103/PhysRevLett.81.2312},
}

@article{haydockJPC72,
  author =        {Haydock, R. and Heine, V. and Kelly, M. J.},
  journal =       {J. Phys. C: Solid State Phys.},
  month =         oct,
  number =        {20},
  pages =         {2845--2858},
  title =         {Electronic structure based on the local atomic
                   environment for tight-binding bands},
  volume =        {5},
  year =          {1972},
  doi =           {10.1088/0022-3719/5/20/004},
  issn =          {0022-3719},
  url =           {http://stacks.iop.org/0022-3719/5/i=20/a=004?
                  key=crossref.c7e3b0b94613e17f55b2a18b685d7da9},
}

@article{haydockCPC80,
  author =        {Haydock, R.},
  journal =       {Comput. Phys. Commun.},
  month =         sep,
  number =        {1},
  pages =         {11--16},
  title =         {The recursive solution of the {Schr{\"o}dinger}
                   equation},
  volume =        {20},
  year =          {1980},
  doi =           {10.1016/0010-4655(80)90101-0},
  issn =          {00104655},
  url =           {http://linkinghub.elsevier.com/retrieve/pii/
                  0010465580901010},
}

@article{roccaJCP08,
  author =        {Rocca, D. and Gebauer, R. and Saad, Y. and
                   Baroni, S.},
  journal =       {J. Chem. Phys.},
  month =         apr,
  number =        {15},
  pages =         {154105},
  title =         {Turbo charging time-dependent density-functional
                   theory with {Lanczos} chains},
  volume =        {128},
  year =          {2008},
  doi =           {10.1063/1.2899649},
  issn =          {0021-9606, 1089-7690},
  url =           {http://aip.scitation.org/doi/10.1063/1.2899649},
}

@article{lopezPRL06,
  author =        {Lopez del Puerto, M. and Tiago, M. L. and
                   Chelikowsky, J. R.},
  journal =       {Phys. Rev. Lett.},
  month =         aug,
  number =        {9},
  pages =         {096401},
  title =         {Excitonic Effects and Optical Properties of
                   Passivated {CdSe} Clusters},
  volume =        {97},
  year =          {2006},
  doi =           {10.1103/PhysRevLett.97.096401},
  issn =          {0031-9007, 1079-7114},
  url =           {https://link.aps.org/doi/10.1103/PhysRevLett.97.096401},
}

@article{arnaudPRL06,
  author =        {Arnaud, B. and Leb{\`e}gue, S. and Rabiller, P. and
                   Alouani, M.},
  journal =       {Phys. Rev. Lett.},
  month =         jan,
  number =        {2},
  pages =         {026402},
  title =         {Huge Excitonic Effects in Layered Hexagonal Boron
                   Nitride},
  volume =        {96},
  year =          {2006},
  doi =           {10.1103/PhysRevLett.96.026402},
  issn =          {0031-9007, 1079-7114},
  url =           {https://link.aps.org/doi/10.1103/PhysRevLett.96.026402},
}

@article{wirtzPRL06,
  author =        {Wirtz, L. and Marini, A. and Rubio, A.},
  journal =       {Phys. Rev. Lett.},
  month =         mar,
  number =        {12},
  pages =         {126104},
  title =         {Excitons in Boron Nitride Nanotubes: Dimensionality
                   Effects},
  volume =        {96},
  year =          {2006},
  doi =           {10.1103/PhysRevLett.96.126104},
  issn =          {0031-9007, 1079-7114},
  url =           {https://link.aps.org/doi/10.1103/PhysRevLett.96.126104},
}

@article{zimmermannPSSB70,
  author =        {Zimmermann, R.},
  journal =       {Phys. Status Solidi B},
  number =        {1},
  pages =         {23--32},
  title =         {Influence of the Non-Hermitean Splitting Terms on
                   Excitonic Spectra},
  volume =        {41},
  year =          {1970},
  doi =           {10.1002/pssb.19700410103},
  issn =          {03701972, 15213951},
  url =           {http://doi.wiley.com/10.1002/pssb.19700410103},
}

@article{caliebePRL00,
  author =        {Caliebe, W. A. and Soininen, J. A. and Shirley, E. L. and
                   Kao, C.-C. and H{\"a}m{\"a}l{\"a}inen, K.},
  journal =       {Phys. Rev. Lett.},
  month =         apr,
  number =        {17},
  pages =         {3907--3910},
  title =         {Dynamic Structure Factor of Diamond and {LiF}
                   Measured Using Inelastic X-Ray Scattering},
  volume =        {84},
  year =          {2000},
  doi =           {10.1103/PhysRevLett.84.3907},
  url =           {https://link.aps.org/doi/10.1103/PhysRevLett.84.3907},
}

@article{olevanoPRL01,
  author =        {Olevano, V. and Reining, L.},
  journal =       {Phys. Rev. Lett.},
  month =         jun,
  number =        {26},
  pages =         {5962--5965},
  title =         {Excitonic Effects on the Silicon Plasmon Resonance},
  volume =        {86},
  year =          {2001},
  doi =           {10.1103/PhysRevLett.86.5962},
  issn =          {0031-9007, 1079-7114},
  url =           {https://link.aps.org/doi/10.1103/PhysRevLett.86.5962},
}

@article{gruningNL09,
  author =        {Gr{\"u}ning, M. and Marini, A. and Gonze, X.},
  journal =       {Nano Lett.},
  month =         aug,
  number =        {8},
  pages =         {2820--2824},
  title =         {Exciton-{Plasmon} {States} in {Nanoscale}
                   {Materials}: {Breakdown} of the {Tamm}-{Dancoff}
                   {Approximation}},
  volume =        {9},
  year =          {2009},
  doi =           {10.1021/nl803717g},
  issn =          {1530-6984, 1530-6992},
  url =           {http://pubs.acs.org/doi/abs/10.1021/nl803717g},
}

@article{bassaniINCB1967,
  author =        {Bassani, F. and Parravicini, G. P.},
  journal =       {Il Nuovo Cimento B Series 10},
  month =         jul,
  number =        {1},
  pages =         {95--128},
  title =         {Band structure and optical properties of graphite and
                   of the layer compounds {GaS} and {GaSe}},
  volume =        {50},
  year =          {1967},
  doi =           {10.1007/BF02710685},
  issn =          {0369-3554},
  url =           {http://link.springer.com/10.1007/BF02710685},
}

@article{painterPRB70,
  author =        {Painter, G. S. and Ellis, D. E.},
  journal =       {Phys. Rev. B},
  month =         jun,
  number =        {12},
  pages =         {4747--4752},
  title =         {Electronic Band Structure and Optical Properties of
                   Graphite from a Variational Approach},
  volume =        {1},
  year =          {1970},
  doi =           {10.1103/PhysRevB.1.4747},
  issn =          {0556-2805},
  url =           {https://link.aps.org/doi/10.1103/PhysRevB.1.4747},
}

@article{gruneisPRL08,
  author =        {Gr{\"u}neis, A. and Attaccalite, C. and Pichler, T. and
                   Zabolotnyy, V. and Shiozawa, H. and Molodtsov, S. L. and
                   Inosov, D. and Koitzsch, A. and Knupfer, M. and
                   Schiessling, J. and Follath, R. and Weber, R. and
                   Rudolf, P. and Wirtz, L. and Rubio, A.},
  journal =       {Phys. Rev. Lett.},
  month =         jan,
  number =        {3},
  pages =         {037601},
  title =         {Electron-{Electron} {Correlation} in {Graphite}: {A}
                   {Combined} {Angle}-{Resolved} {Photoemission} and
                   {First}-{Principles} {Study}},
  volume =        {100},
  year =          {2008},
  doi =           {10.1103/PhysRevLett.100.037601},
  url =           {https://link.aps.org/doi/10.1103/PhysRevLett.100.037601},
}

@article{matsuiPRB18,
  author =        {Matsui, F. and Nishikawa, H. and Daimon, H. and
                   Muntwiler, M. and Takizawa, M. and Namba, H. and
                   Greber, T.},
  journal =       {Phys. Rev. B},
  month =         jan,
  number =        {4},
  pages =         {045430},
  title =         {The {$4\pi$} {$k_{z}$} periodicity in photoemission
                   from graphite},
  volume =        {97},
  year =          {2018},
  doi =           {10.1103/PhysRevB.97.045430},
  issn =          {2469-9950, 2469-9969},
  url =           {https://link.aps.org/doi/10.1103/PhysRevB.97.045430},
}

@article{taftPR65,
  author =        {Taft, E. A. and Philipp, H. R.},
  journal =       {Phys. Rev.},
  month =         apr,
  number =        {1A},
  pages =         {A197--A202},
  title =         {Optical {Properties} of {Graphite}},
  volume =        {138},
  year =          {1965},
  doi =           {10.1103/PhysRev.138.A197},
  url =           {http://link.aps.org/doi/10.1103/PhysRev.138.A197},
}

@article{zeppenfeldZP71,
  author =        {Zeppenfeld, K.},
  journal =       {Zeitschrift f{\"u}r Physik A Hadrons and nuclei},
  month =         jun,
  number =        {3},
  pages =         {229--243},
  title =         {Nichtsenkrechte {Interband{\"u}berg{\"a}nge} in
                   {Graphit} durch unelastische {Elektronenstreuung}},
  volume =        {243},
  year =          {1971},
  doi =           {10.1007/BF01394853},
  issn =          {0939-7922},

  url =           {https://link.springer.com/article/10.1007/BF01394853},
}

@article{venghausPSSB1974,
  author =        {Venghaus, H.},
  journal =       {Phys. Status Solidi B},
  month =         nov,
  number =        {1},
  pages =         {145--150},
  title =         {Wave {Vector} {Dependence} of the {Electron} {Energy}
                   {Loss} {Functions} of {Graphite}},
  volume =        {66},
  year =          {1974},
  doi =           {10.1002/pssb.2220660115},
  issn =          {03701972, 15213951},
  url =           {http://doi.wiley.com/10.1002/pssb.2220660115},
}

@article{buchnerPSSB77,
  author =        {Büchner, U.},
  journal =       {Phys. Status Solidi B},
  month =         may,
  number =        {1},
  pages =         {227--234},
  title =         {Wave-Vector Dependence of the Electron Energy Losses
                   of Boron Nitride and Graphite},
  volume =        {81},
  year =          {1977},
  doi =           {10.1002/pssb.2220810124},
  issn =          {03701972, 15213951},
  url =           {http://doi.wiley.com/10.1002/pssb.2220810124},
}

@article{marinopoulosPRL02,
  author =        {Marinopoulos, A. G. and Reining, L. and Olevano, V. and
                   Rubio, A. and Pichler, T. and Liu, X. and Knupfer, M. and
                   Fink, J.},
  journal =       {Phys. Rev. Lett.},
  month =         jul,
  number =        {7},
  pages =         {076402},
  title =         {Anisotropy and {Interplane} {Interactions} in the
                   {Dielectric} {Response} of {Graphite}},
  volume =        {89},
  year =          {2002},
  doi =           {10.1103/PhysRevLett.89.076402},
  url =           {http://link.aps.org/doi/10.1103/PhysRevLett.89.076402},
}

@article{krambergerPRL08,
  author =        {Kramberger, C. and Hambach, R. and Giorgetti, C. and
                   R{\"u}mmeli, M. H. and Knupfer, M. and Fink, J. and
                   B{\"u}chner, B. and Reining, L. and Einarsson, E. and
                   Maruyama, S. and Sottile, F. and Hannewald, K. and
                   Olevano, V. and Marinopoulos, A. G. and Pichler, T.},
  journal =       {Phys. Rev. Lett.},
  month =         may,
  number =        {19},
  pages =         {196803},
  title =         {Linear {Plasmon} {Dispersion} in {Single}-{Wall}
                   {Carbon} {Nanotubes} and the {Collective}
                   {Excitation} {Spectrum} of {Graphene}},
  volume =        {100},
  year =          {2008},
  doi =           {10.1103/PhysRevLett.100.196803},
  url =           {http://link.aps.org/doi/10.1103/PhysRevLett.100.196803},
}

@article{linPRB97,
  author =        {Lin, M. F. and Huang, C. S. and Chuu, D. S.},
  journal =       {Phys. Rev. B},
  month =         may,
  number =        {20},
  pages =         {13961--13971},
  title =         {Plasmons in graphite and stage-1 graphite
                   intercalation compounds},
  volume =        {55},
  year =          {1997},
  doi =           {10.1103/PhysRevB.55.13961},
  url =           {http://link.aps.org/doi/10.1103/PhysRevB.55.13961},
}

@article{trevisanuttoPRB10,
  author =        {Trevisanutto, Paolo E. and Holzmann, M. and
                   C{\^o}t{\'e}, M. and Olevano, V.},
  journal =       {Phys. Rev. B},
  month =         mar,
  number =        {12},
  pages =         {121405(R)},
  title =         {Ab initio high-energy excitonic effects in graphite
                   and graphene},
  volume =        {81},
  year =          {2010},
  doi =           {10.1103/PhysRevB.81.121405},
  url =           {http://link.aps.org/doi/10.1103/PhysRevB.81.121405},
}

@article{kinyanjuiEPL12,
  author =        {Kinyanjui, M. K. and Kramberger, C. and Pichler, T. and
                   Meyer, J. C. and Wachsmuth, P. and Benner, G. and
                   Kaiser, U.},
  journal =       {EPL},
  month =         mar,
  number =        {5},
  pages =         {57005},
  title =         {Direct probe of linearly dispersing 2D interband
                   plasmons in a free-standing graphene monolayer},
  volume =        {97},
  year =          {2012},
  doi =           {10.1209/0295-5075/97/57005},
  issn =          {0295-5075, 1286-4854},
  url =           {http://stacks.iop.org/0295-5075/97/i=5/a=57005?
                  key=crossref.1ae6069742009e44e3c5e804902c7b95},
}

@article{liouPRB15,
  author =        {Liou, S. C. and Shie, C.-S. and Chen, C. H. and
                   Breitwieser, R. and Pai, W. W. and Guo, G. Y. and
                   Chu, M.-W.},
  journal =       {Phys. Rev. B},
  month =         jan,
  number =        {4},
  pages =         {045418},
  title =         {Pi-plasmon dispersion in free-standing graphene by
                   momentum-resolved electron energy-loss spectroscopy},
  volume =        {91},
  year =          {2015},
  doi =           {10.1103/PhysRevB.91.045418},
  url =           {http://link.aps.org/doi/10.1103/PhysRevB.91.045418},
}

@article{yangPRL09,
  author =        {Yang, L. and Deslippe, J. and Park, C.-H. and
                   Cohen, M. L. and Louie, S. G.},
  journal =       {Phys. Rev. Lett.},
  month =         oct,
  number =        {18},
  pages =         {186802},
  title =         {Excitonic {Effects} on the {Optical} {Response} of
                   {Graphene} and {Bilayer} {Graphene}},
  volume =        {103},
  year =          {2009},
  doi =           {10.1103/PhysRevLett.103.186802},
  url =           {http://link.aps.org/doi/10.1103/PhysRevLett.103.186802},
}

@article{tegenkampJPCM11,
  author =        {Tegenkamp, C. and Pfn{\"u}r, H. and Langer, T. and
                   Baringhaus, J. and Schumacher, H. W.},
  journal =       {J. Phys. Condens. Matter},
  month =         jan,
  number =        {1},
  pages =         {012001},
  title =         {Plasmon electron-hole resonance in epitaxial
                   graphene},
  volume =        {23},
  year =          {2011},
  doi =           {10.1088/0953-8984/23/1/012001},
  issn =          {0953-8984, 1361-648X},
  url =           {http://stacks.iop.org/0953-8984/23/i=1/a=012001?
                  key=crossref.ac6915b3329993b1b8eb953c6e93c66e},
}

@article{politanoNS14,
  author =        {Politano, A. and Chiarello, G.},
  journal =       {Nanoscale},
  number =        {19},
  pages =         {10927--10940},
  title =         {Plasmon modes in graphene: status and prospect},
  volume =        {6},
  year =          {2014},
  doi =           {10.1039/C4NR03143A},
  issn =          {2040-3364, 2040-3372},
  url =           {http://xlink.rsc.org/?DOI=C4NR03143A},
}

@article{bulushevaIJQC16,
  author =        {Bulusheva, L. G. and Sedelnikova, O. V. and
                   Okotrub, A. V.},
  journal =       {Int. J. Quantum. Chem.},
  month =         feb,
  number =        {4},
  pages =         {270--281},
  title =         {Many-body effects in optical response of
                   graphene-based structures},
  volume =        {116},
  year =          {2016},
  doi =           {10.1002/qua.25046},
  issn =          {00207608},
  url =           {http://doi.wiley.com/10.1002/qua.25046},
}

@article{liPRB17,
  author =        {Li, P. and Ren, X. and He, L.},
  journal =       {Phys. Rev. B},
  month =         oct,
  number =        {16},
  pages =         {165417},
  title =         {First-principles calculations and model analysis of
                   plasmon excitations in graphene and graphene/{hBN}
                   heterostructure},
  volume =        {96},
  year =          {2017},
  doi =           {10.1103/PhysRevB.96.165417},
  issn =          {2469-9950, 2469-9969},
  url =           {https://link.aps.org/doi/10.1103/PhysRevB.96.165417},
}

@book{luciabook,
  author =        {Ceperley, D. M. and Reining, L. and Martin, R. M.},
  publisher =     {Cambridge University Press},
  title =         {Interacting Electrons: Theory and Computational
                   Approaches},
  year =          {2016},
  url =           {http://www.cambridge.org/us/academic/subjects/physics/
                  condensed-matter-physics-nanoscience-and-mesoscopic-physics/
                  interacting-electrons-theory-and-computational-approaches},
}

@article{sottilePRL03,
  author =        {Sottile, F. and Olevano, V. and Reining, L.},
  journal =       {Phys. Rev. Lett.},
  month =         jul,
  number =        {5},
  pages =         {056402},
  title =         {Parameter-{Free} {Calculation} of {Response}
                   {Functions} in {T.e}-{Dependent}
                   {Density}-{Functional} {Theory}},
  volume =        {91},
  year =          {2003},
  doi =           {10.1103/PhysRevLett.91.056402},
  url =           {http://link.aps.org/doi/10.1103/PhysRevLett.91.056402},
}

@article{rohlfingPRB00,
  author =        {Rohlfing, M. and Louie, S. G.},
  journal =       {Phys. Rev. B},
  month =         {Aug},
  pages =         {4927--4944},
  publisher =     {American Physical Society},
  title =         {Electron-hole excitations and optical spectra from
                   first principles},
  volume =        {62},
  year =          {2000},
  doi =           {10.1103/PhysRevB.62.4927},
  url =           {https://link.aps.org/doi/10.1103/PhysRevB.62.4927},
}

@phdthesis{sottilethesis2003,
  author =        {Sottile, F.},
  school =        {Ecole Polytechnique X},
  title =         {Response functions of semiconductors and insulators:
                   from the {Bethe}-{Salpeter} equation to
                   time-dependent density functional theory},
  year =          {2003},
  url =           {http://tel.archives-ouvertes.fr/tel-00007531/},
}

@article{ljungbergPRB15,
  author =        {Ljungberg, M. P. and Koval, P. and Ferrari, F. and
                   Foerster, D. and S{\'a}nchez-Portal, D.},
  journal =       {Phys. Rev. B},
  month =         aug,
  number =        {7},
  pages =         {075422},
  title =         {Cubic-scaling iterative solution of the
                   {Bethe}-{Salpeter} equation for finite systems},
  volume =        {92},
  year =          {2015},
  doi =           {10.1103/PhysRevB.92.075422},
  issn =          {1098-0121, 1550-235X},
  url =           {https://link.aps.org/doi/10.1103/PhysRevB.92.075422},
}

@article{troullierPRB91,
  author =        {Troullier, N. and Martins, J. L.},
  journal =       {Phys. Rev. B},
  month =         jan,
  number =        {3},
  pages =         {1993-2006},
  title =         {Efficient pseudopotentials for plane-wave
                   calculations},
  volume =        {43},
  year =          {1991},
  doi =           {10.1103/PhysRevB.43.1993},
}

@article{gonzeCPS09,
  author =        {Gonze, X. and Amadon, B. and Anglade, P.-M. and
                   Beuken, J.-M. and Bottin, F. and Boulanger, P. and
                   Bruneval, F. and Caliste, D. and Caracas, R. and
                   C{\^{o}}t{\'{e}}, M. and Deutsch, T. and Genovese, L. and
                   Ghosez, Ph. and Giantomassi, M. and Goedecker, S. and
                   Hamann, D. R. and Hermet, P. and Jollet, F. and
                   Jomard, G. and Leroux, S. and Mancini, M. and
                   Mazevet, S. and Oliveira, M. J. T. and Onida, G. and
                   Pouillon, Y. and Rangel, T. and Rignanese, G.-M. and
                   Sangalli, D. and Shaltaf, R. and Torrent, M. and
                   Verstraete, M. J. and Zerah, G. and Zwanziger, J. W.},
  journal =       {Comp. Phys. Commun.},
  month =         {dec},
  number =        {12},
  pages =         {2582--2615},
  publisher =     {Elsevier {BV}},
  title =         {{ABINIT}: First-principles approach to material and
                   nanosystem properties},
  volume =        {180},
  year =          {2009},
  doi =           {10.1016/j.cpc.2009.07.007},
  url =           {https://doi.org/10.1016/j.cpc.2009.07.007},
}

@misc{abinit,
  note =          {The ABINIT code is a common project of the
                   Universit{\'e} Catholique de Louvain, Corning
                   Incorporated, and other contributors (URL
                   http://www.abinit.org).},
}

@article{marinopoulosPRB04,
  author =        {Marinopoulos, A. G. and Reining, L. and Rubio, A. and
                   Olevano, V.},
  journal =       {Phys. Rev. B},
  month =         jun,
  number =        {24},
  pages =         {245419},
  title =         {Ab initio study of the optical absorption and
                   wave-vector-dependent dielectric response of
                   graphite},
  volume =        {69},
  year =          {2004},
  doi =           {10.1103/PhysRevB.69.245419},
  url =           {http://link.aps.org/doi/10.1103/PhysRevB.69.245419},
}

@misc{olevanoDP,
  author =        {Olevano, V. and Reining, L. and Sottile, F.},
  note =          {\url{http://dp-code.org}},
}

@misc{reiningEXC,
  author =        {Reining, L. and Olevano, V. and Sottile, F. and
                   Albrecht, S. and Onida, G.},
  howpublished =  {\url{http://www.bethe-salpeter.org}},
}

@misc{olevano,
  author =        {Valerio Olevano},
  note =          {Private communication},
}

@misc{petsc,
  author =        {Balay, S. and Abhyankar, S. and Adams, M. F. and
                   Brown, J. and Brune, P. and Buschelman, K. and
                   Dalcin, L. and Eijkhout, V. and Gropp, W. D. and
                   Kaushik, D. and Knepley, M. G. and May, D. A. and
                   Curfman McInnes, L. and Rupp, K. and Smith, B. F. and
                   Zampini, S. and Zhang, H. and Zhang, H.},
  howpublished =  {\url{http://www.mcs.anl.gov/petsc}},
  title =         {{PETS}c {W}eb page},
  year =          {2017},
  url =           {http://www.mcs.anl.gov/petsc},
}

@article{hernandezTOMS05,
  author =        {Hernandez, V. and Roman, J. E. and Vidal, V.},
  journal =       {{ACM} Trans. Math. Software},
  number =        {3},
  pages =         {351--362},
  title =         {{SLEPc}: A scalable and flexible toolkit for the
                   solution of eigenvalue problems},
  volume =        {31},
  year =          {2005},
  doi =           {10.1145/1089014.1089019},
}

@phdthesis{reshetnyakthesis,
  author =        {Reshetnyak, I.},
  month =         aug,
  school =        {Ecole Polytechnique},
  title =         {Computing optical properties and photo-emission
                   spectra: a new starting point},
  year =          {2015},
  url =           {https://pastel.archives-ouvertes.fr/tel-01571541},
}

@book{jonesbookv11973,
  address =       {London},
  author =        {Jones, W. and March, N. H.},
  publisher =     {Wiley-Interscience},
  series =        {Interscience {Monographs} and {Texts} in {Physics}
                   and {Astronomy}},
  title =         {Theoretical {Solid} {State} {Physics}, {Vol}. 1:
                   {Perfect} {Lattices} in {Equilibrium}},
  volume =        {1},
  year =          {1973},
  isbn =          {978-0-471-44900-3},
}

@article{heskePRB99,
  author =        {Heske, C. and Treusch, R. and Himpsel, F. J. and
                   Kakar, S. and Terminello, L. J. and Weyer, H. J. and
                   Shirley, E. L.},
  journal =       {Phys. Rev. B},
  month =         feb,
  number =        {7},
  pages =         {4680--4684},
  title =         {Band widening in graphite},
  volume =        {59},
  year =          {1999},
  doi =           {10.1103/PhysRevB.59.4680},
  url =           {http://link.aps.org/doi/10.1103/PhysRevB.59.4680},
}

@article{rodlPRB17,
  author =        {R{\"o}dl, C. and Ruotsalainen, K. O. and Sottile, F. and
                   Honkanen, A.-P. and Ablett, J. M. and Rueff, J.-P. and
                   Sirotti, F. and Verbeni, R. and Al-Zein, A. and
                   Reining, L. and Huotari, S.},
  journal =       {Phys. Rev. B},
  month =         {May},
  pages =         {195142},
  publisher =     {American Physical Society},
  title =         {Low-energy electronic excitations and band-gap
                   renormalization in CuO},
  volume =        {95},
  year =          {2017},
  doi =           {10.1103/PhysRevB.95.195142},
  url =           {https://link.aps.org/doi/10.1103/PhysRevB.95.195142},
}

@article{krukauJCP06,
  author =        {Krukau, A. V. and Vydrov, O. A. and Izmaylov, A. F. and
                   Scuseria, G. E.},
  journal =       {J. Chem. Phys.},
  number =        {22},
  pages =         {224106},
  title =         {Influence of the exchange screening parameter on the
                   performance of screened hybrid functionals},
  volume =        {125},
  year =          {2006},
  doi =           {10.1063/1.2404663},
  url =           {https://doi.org/10.1063/1.2404663},
}

@article{biermannJPCM14,
  author =        {Silke Biermann},
  journal =       {J. Phys. Condens. Matter},
  number =        {17},
  pages =         {173202},
  title =         {Dynamical screening effects in correlated electron
                   materials -- a progress report on combined many-body
                   perturbation and dynamical mean field theory: {'GW +
                   DMFT'}},
  volume =        {26},
  year =          {2014},
  url =           {http://stacks.iop.org/0953-8984/26/i=17/a=173202},
}

@misc{supplement,
    note = {See Supplemental Material at [URL will be inserted by publisher] for
    a detailed convergence report of the RPA calculation, a predictive analysis
    of the dispersion behavior of the {$\pi + \sigma$} plasmon, and real-world
    computational benchmarks for each theoretical method included in this work.}
}
